2618 4462
182 233 244 300 184
575 249 749 307 anorum
1127 251 1202 323 v,a

111 371 241 439 800011.
265 372 350 454 Quia
374 372 507 456 uterque
532 372 687 456 utriquest
715 373 811 438 cordi.
854 373 917 438 Dn.
950 373 1037 455 Quid
1061 373 1143 440 istuc

401 524 406 534 .
598 467 722 532 nostra?
741 464 936 553 CnMagni.
958 468 1143 554 praeterhac

266 559 445 647 Cognatam
458 559 597 647 comperi
609 561 677 626 esse
689 560 795 669 nobis·
816 560 879 627 Dn.
894 560 1000 643 Quid?
1018 562 1142 628 deliras.

263 747 337 811 Non
363 747 479 812 temere
506 746 590 812 dico:
603 651 854 813 (iNdNieNeNim
883 747 916 812 in
946 748 1139 813 memoriam.

600 840 663 907 Du.
683 839 774 907 Satin
791 843 886 907 sanus
903 843 956 909 esi

143 983 147 991 x
178 936 240 1000 Ns.
262 935 328 1013 Au,
343 931 483 1011 obsecro,
496 933 570 1004 uide
579 957 620 1000 ne
632 935 666 998 in
678 946 846 1021 cognatam
854 936 975 1021 pecces.
994 935 1056 1001 Dn.
1067 935 1141 1001 Non
1154 953 1182 994 ro

342 1068 344 1074 =
431 1093 433 1097 ,
600 1040 657 1094 est.
693 1025 752 1093 On.
770 1029 821 1095 Ne
837 1051 933 1116 negas

262 1121 368 1188 Patris
385 1122 498 1187 nomen
516 1122 603 1187 aliud
619 1123 781 1188 dictumst:
801 1122 860 1189 hoc
877 1136 912 1188 tu
930 1122 1049 1190 errasti.
1076 1122 1139 1187 Dr.

599 1215 673 1282 Non
690 1219 781 1282 nortt
797 1219 936 1302 patrem?
962 1289 963 1292 Ἴ

111 1317 161 1371 805
180 1309 237 1376 Cn.
260 1309 370 1378 Norat.
405 1309 468 1375 Dn.
493 1308 584 1390 Quor
600 1310 686 1375 aliud
704 1311 800 1375 dixit?
836 1308 896 1376 Cn.
917 1310 1141 1395 Numquamne

599 1403 691 1470 hodie
708 1405 862 1470 concedes
879 1403 956 1469 mihi

262 1499 374 1584 Neque
400 1497 583 1583 intelleges?
625 1496 688 1562 Dn.
716 1495 753 1564 Si
777 1498 813 1562 tri
838 1499 882 1563 nil
908 1499 1035 1562 narras?
1079 1494 1139 1562 Gn.

359 1652 360 1655 ,
598 1590 721 1657 Perdis.
756 1591 819 1657 Ns.
837 1591 939 1656 Miror
956 1591 1032 1676 quid
1050 1589 1118 1655 siet.

177 1687 239 1752 Dr.
263 1686 423 1771 Equidem
440 1684 544 1751 hercle
561 1684 676 1751 nescio.
709 1683 768 1750 Cn.
783 1685 847 1752 Vin
865 1685 963 1750 scire?
984 1697 1017 1750 at
1027 1687 1072 1750 ita
1088 1706 1140 1750 me

600 1790 705 1844 seruet
721 1778 873 1865 Iuppiter,

262 1875 308 1942 Vt
325 1873 450 1959 propior
466 1871 522 1950 illi,
540 1874 635 1955 qutm
652 1895 713 1959 ego
731 1896 802 1938 sum
819 1895 857 1939 ac
873 1883 923 1951 tu,
943 1869 1066 1958 [homo]
1084 1871 1140 1936 ne·
1153 1887 1180 1930 2⁶

598 1977 689 2032 most.
724 1966 788 2031 Dn.
806 1966 852 2032 Di
872 1969 1011 2033 nostram
1033 1966 1140 2042 fidem,

261 2061 383 2126 Eamus
408 2060 450 2125 ad
474 2059 589 2145 ipsam:
616 2082 680 2124 una
701 2060 802 2125 omnis
823 2082 881 2126 nos
902 2072 957 2125 aut
980 2063 1059 2125 scire
1085 2069 1141 2124 aut

599 2152 719 2220 nescire
736 2153 796 2220 hoc
812 2155 895 2220 uolo.
940 2153 998 2220 Cn.
1019 2152 1083 2219 Ah.

110 2251 240 2315 810D1r.
264 2249 352 2330 Quid
368 2248 433 2314 est?
461 2245 520 2313 Cn.
530 2247 600 2312 Itan
618 2270 749 2333 paruam
766 2249 844 2313 mihi
857 2249 951 2314 fidem
969 2272 1037 2314 esse
1055 2247 1140 2334 apud

600 2340 645 2408 tei
680 2342 743 2408 Dn.
762 2343 827 2408 Vin
844 2367 895 2409 me
914 2343 1059 2409 credere?

262 2438 325 2504 Vin
336 2437 410 2501 satis
420 2435 596 2521 quaesitum
607 2436 651 2500 mi
667 2438 749 2501 istuc
759 2437 846 2502 esse?
863 2436 934 2524 age,
951 2437 1018 2502 tiat.
1045 2436 1140 2520 quid?

599 2529 653 2594 illa
669 2529 737 2594 filia

262 2626 368 2691 Amici
394 2623 491 2689 nostri
518 2623 595 2706 quid
620 2624 811 2688 futurumst?
850 2622 909 2688 Cn.
932 2625 1041 2689 Recte.
1075 2623 1140 2690 Dn.

600 2719 694 2782 Hanc
710 2717 807 2802 igitur
823 2717 993 2782 mittimus?

178 2813 239 2879 Cn.
261 2813 349 2894 Quid
374 2812 425 2877 ni?
459 2811 522 2876 Du.
548 2791 609 2876 iila
635 2812 778 2877 maneat?
813 2809 873 2876 Cn.
901 2810 965 2877 Sic.
1000 2811 1063 2876 Dn.
1089 2812 1179 2878 Ireao

599 2904 696 2992 igitur
713 2905 768 2969 tibi
786 2905 868 2982 licet,
886 2905 1093 2970 Nausistrata.

178 3003 240 3067 Ns.
263 3001 318 3068 Sic
335 3002 388 3087 pol
406 2999 600 3065 commodius
617 3001 685 3064 esse
706 2998 739 3063 in
757 3000 858 3064 omnis
879 2999 1023 3076 arbitror,
1044 3021 1140 3084 quam

600 3105 636 3158 ut
653 3093 811 3178 coeperas,

111 3194 162 3248 815
263 3188 397 3253 Manere
415 3186 511 3264 hanc;
529 3210 603 3253 nam
621 3187 812 3273 perliberalis
825 3187 933 3263 uisast,
950 3208 1047 3270 quom
1064 3188 1140 3266 uidi,

600 3281 686 3345 mihi.
703 3319 747 3330 —

178 3377 241 3441 Dn.
265 3376 352 3457 Quid
372 3375 453 3439 istuc
474 3374 628 3461 negotist?
663 3374 721 3442 On.
739 3374 848 3438 Itmne
866 3374 989 3458 operuit
1010 3376 1142 3441 ostium?

602 3467 664 3533 Dn.
682 3469 760 3534 Iam.
797 3465 857 3533 On.
875 3465 907 3534 0
926 3469 1078 3554 Iuppiter,

263 3563 309 3628 Di
330 3564 386 3627 nos
411 3562 596 3647 respiciunt:
628 3564 757 3648 gnatam
781 3561 888 3626 inueni
912 3563 1043 3648 nuptam
1069 3586 1159 3654 oum

600 3667 655 3720 tuo
673 3654 749 3719 filio.
783 3654 846 3720 Du.
864 3656 960 3731 Hem,

192 3816 195 3821 ,
266 3750 339 3832 Quo
360 3751 453 3835 pacto
476 3746 537 3835 [id]
561 3749 680 3834 potuit?
716 3746 776 3814 On.
797 3749 869 3815 Non
891 3749 965 3814 satis
988 3761 1073 3815 tutus
1095 3753 1142 3816 est
1155 3771 1182 3812 ss

602 3843 643 3908 ad
659 3843 850 3908 narrandum
868 3841 919 3906 hic
936 3843 1033 3908 locus.

179 3941 242 4012 Du.
265 3940 311 4008 At
333 3949 368 4006 tu
388 3939 469 4007 intro
491 3936 553 4002 abi.
592 3934 652 4002 Cn.
674 3937 775 4014 Heus,
797 3959 837 4001 ne
857 3936 913 4000 filii
932 3937 1059 4021 quidem
1082 3936 1142 4003 hoc

601 4031 698 4101 nostri
715 4030 884 4100 resciscant
901 4029 984 4098 uolo.
