2618 4462
108 246 149 321 Υ,
157 249 216 305 ss
541 245 746 305 uvuveuvs
1064 232 1125 297 143

164 369 219 436 Su
246 370 312 436 Pro
329 367 514 435 eunuchoni
548 368 623 549 Ρῖῷ
636 367 691 435 sie
708 378 765 434 est.
801 367 886 433 luins
901 389 960 454 pro
976 367 1108 434 moecho

625 473 693 529 stes

248 557 473 645 conprendere
502 557 588 622 intus
618 558 650 622 dt
675 556 898 623 eonstrinxere.
951 554 1006 622 Su.
1042 535 1108 622 Oe-

161 748 222 813 Pi.
244 746 423 813 Auddeiam
449 651 656 811 meretricii·
674 754 790 830 speetu
840 743 895 809 Su.
924 744 1108 829 Numquid

122 953 150 995 ss
246 934 346 999 Aliud
363 933 438 999 muli
456 849 705 1016 damniusfflduod
722 954 786 996 non
804 931 930 1008 dixeris,
1142 946 1192 1000 905

246 1029 430 1096 Relicuom?
458 1025 518 1093 ΡΑ.
536 1026 715 1092 Tantumst.
749 1024 803 1090 Su.
827 1022 927 1091 Cesso
945 1025 1008 1092 hue
1025 1025 1107 1091 intro

582 1121 747 1206 rumpere?
765 1155 808 1166 -

160 1216 221 1282 ΡΑ.
243 1216 317 1282 Non
342 1215 505 1281 dubiumst
525 1214 602 1299 quin
627 1215 671 1278 mi
696 1217 847 1300 mignum
869 1236 909 1280 ex
931 1214 991 1280 hue
1011 1237 1046 1280 re
1067 1216 1107 1280 sit

244 1404 325 1480 iusi,
342 1406 417 1488 quia
433 1309 736 1468 necessusmfiiiiliide
753 1402 868 1478 facere,
885 1401 919 1467 id
936 1400 1060 1487 gaudeo

244 1498 380 1584 Propter
396 1520 448 1563 ms
464 1497 550 1563 hisee
567 1497 687 1581 aliquid
704 1498 772 1561 <isse
790 1496 978 1560 euenturum
996 1495 1080 1559 mali.

122 1611 150 1654 su
246 1592 329 1658 Num
346 1592 409 1656 iim
428 1592 482 1656 diu
499 1592 637 1675 aliquam
654 1592 782 1656 causum
799 1589 972 1673 quaersbdt
991 1612 1097 1666 senex,
1125 1602 1192 1658 1000

245 1685 352 1770 Quum
372 1686 415 1752 ¹ob
436 1708 504 1752 rem
524 1684 790 1865 insirgdnpepgsrliitquid
806 1684 925 1750 fuceret
941 1683 1000 1749 eis:
1022 1705 1107 1749 nume

403 1967 590 2032 qumss
673 1967 878 2033 Puuuuuo

429 2075 559 2118 sucum
719 2073 830 2118 suuvos

111 2156 218 2227 ust.
240 2156 424 2241 Numquam
437 2155 550 2241 edepol
567 2153 736 2239 quiequam
749 2154 812 2218 idm
831 2153 885 2219 diu
901 2153 987 2237 quod
1005 2153 1106 2240 mdgis

582 2248 698 2313 uellem
716 2250 852 2325 euenire,

243 2344 294 2409 Mi
311 2343 427 2422 sudnit,
449 2365 546 2428 quum
562 2342 649 2426 quod
665 2342 760 2407 mddo
778 2364 874 2406 senex
891 2340 972 2406 intro
989 2341 1031 2406 ud
1047 2363 1105 2407 nos

580 2434 668 2500 uenit
684 2437 802 2501 tinans.

243 2529 326 2595 Mihi
360 2530 444 2596 00100
477 2529 609 2594 ridieuld
643 2529 718 2605 fuit,
753 2550 835 2613 quae
872 2527 948 2613 quid
982 2528 1106 2594 timeret

583 2622 712 2688 scibam.

158 2720 218 2784 Pu.
237 2718 326 2801 Quid
342 2717 403 2784 hoe
420 2717 573 2782 autemst?
606 2715 665 2782 ΡΥ.
688 2716 782 2781 Nune
794 2715 828 2781 id
845 2715 961 2800 prddeo
978 2726 1014 2780 ut
1031 2737 1105 2781 eon·
1123 2727 1190 2782 1005

581 2810 707 2877 ueniam
724 2809 967 2875 Parmendnem.

132 2925 147 2969 s
244 2906 310 2973 Sed
319 2905 374 2971 ubi
384 2906 514 2971 dbseero
523 2906 589 2972 est?
601 2903 662 2970 ΡΑ.
671 2905 729 2970 Μο
738 2904 956 2988 quadrithaec.
974 2904 1034 2969 ΡΥ.
1045 2905 1105 2970 At-

583 3021 645 3082 que
663 3000 773 3064 docum
790 2998 898 3063 uideo:
917 2999 1020 3063 adibo.

157 3094 218 3159 ΡΑ.
242 3093 329 3174 Quid
346 3095 403 3171 est,
420 3092 545 3179 inepta?
562 3092 639 3176 quid
656 3092 714 3156 tibi
731 3093 799 3156 uisi
822 3091 899 3175 quid
915 3093 1017 3157 rides?
1033 3114 1104 3178 per-

578 3185 651 3271 gin?
692 3185 752 3249 Px.
773 3184 875 3249 Perii:

243 3280 380 3346 Defessa
397 3279 460 3344 iam
478 3301 550 3344 sum
567 3281 681 3342 misera
703 3289 733 3342 te
751 3278 891 3344 ridendo,
935 3277 993 3341 ΡΑ.
1018 3274 1105 3358 Quid

579 3373 642 3436 itu?
683 3371 742 3437 Px.
765 3371 915 3456 Regius?

243 3468 426 3551 Numquam
460 3467 513 3553 pol
548 3465 707 3532 hominem
737 3466 910 3530 stultiorem
946 3465 1012 3529 uidi
1046 3487 1105 3531 nee

584 3560 710 3626 uidebo.
745 3559 797 3637 ah,

243 3656 275 3721 N
276 3679 317 3721 on
334 3658 463 3744 pdssum
481 3655 555 3721 sutis
573 3657 711 3731 nurrdre,
728 3674 807 3739 quos
821 3654 909 3719 ludds
923 3653 1104 3739 praebueris
1122 3665 1190 3720 1010

579 3751 674 3813 intus.

245 3846 291 3909 At
316 3843 410 3909 dtism
436 3843 537 3929 primo
563 3843 711 3908 cillidum
742 3852 774 3907 et
803 3842 954 3908 disertum
985 3841 1103 3906 credidi

581 3935 750 4001 hdminem.

245 4030 350 4114 Quid?
366 4030 479 4098 ssicoue
497 4030 624 4096 eredere
642 4049 777 4112 eaquae
796 4027 861 4092 dixi
879 4029 1016 4112 oportuit
1033 4029 1083 4095 te?
