2618 4462
106 262 176 339 V,8
536 258 741 322 EVNVUHVS
1062 246 1124 315 145

196 464 398 531 Canauna
440 462 642 530 Pannnuo
686 461 862 529 Gnnrno
906 462 1076 528 Tunneo

199 580 394 625 munacius
482 578 596 623 canvoe
696 577 857 622 rutenus
945 578 1035 620 mne

109 667 224 739 men.
247 648 279 735 0
296 670 475 756 populares,
492 667 601 752 ecquis
619 689 669 732 me
685 665 779 732 hodie
795 667 877 732 uiuit
893 665 1099 732 fortunatior?

247 762 351 829 Nemo
376 761 481 828 hercle
507 761 688 846 quisquam
719 782 794 825 nam
823 762 857 824 in
882 782 934 827 me
958 760 1052 847 plane
1078 759 1111 823 di

588 857 775 941 potestatdm
793 878 883 920 suam

249 950 388 1018 Omnem
405 949 579 1027 detendere,
598 951 673 1034 quoi
689 960 755 1014 tam
772 949 876 1015 subito
894 949 939 1015 tot
956 970 1111 1035 congrue-

585 1044 648 1108 rint
665 1042 840 1110 cdmmodc.

164 1140 225 1206 Pr.
248 1139 337 1222 Quid
352 1138 404 1205 hic
416 1138 516 1205 lcdtue
529 1138 595 1203 eati
580 1134 685 1202 tou.
705 1134 737 1202 Ο
750 1136 964 1203 Parmeno
922 1160 976 1215 uu,
994 1138 1112 1202 emec-

587 1252 659 1296 rum
676 1231 875 1317 uoluptatum
892 1229 1031 1297 dmnium

139 1344 154 1388 c
250 1326 403 1393 inuentor
426 1324 566 1412 inceptdr
591 1324 756 1410 perfector,
782 1326 844 1390 scie
869 1324 975 1391 mein
997 1323 1198 1408 quibue1035

590 1419 651 1484 eim
668 1417 812 1505 gaudiis?

252 1514 530 1601 ScicPdmphilam
545 1535 648 1579 meam
662 1512 823 1577 inuentam
833 1512 954 1578 ciuem?
974 1513 1034 1577 ΡΑ.
1044 1513 1114 1578 Au·

590 1606 666 1673 diui.
694 1604 754 1671 Cn.
773 1604 844 1672 Scis
857 1609 1005 1693 eponedm
1018 1606 1114 1671 mihi?

166 1702 227 1768 ΡΑ.
248 1703 348 1780 Bene,
365 1704 410 1768 ita
426 1724 477 1768 me
495 1701 528 1766 di
544 1712 661 1778 ament,
679 1700 809 1765 iactum.
851 1698 914 1767 Gu.
940 1700 1050 1765 Audin
1067 1711 1113 1778 tu,

589 1794 641 1859 hic
653 1794 731 1878 quid
743 1794 805 1859 ait?
829 1792 889 1859 Cn.
907 1794 993 1859 Tum
1007 1805 1114 1860 autem

590 1887 769 1953 Phaedriae

219 1984 330 2052 Meo
347 1983 437 2049 frdtri
452 1983 578 2070 gaudeo
595 1984 665 2048 dese
683 2003 821 2047 amorem
839 2003 964 2048 omnem
980 1983 1014 2047 in
1030 1992 1116 2047 tran-

591 2076 702 2161 quillo:
721 2078 814 2142 untst
831 2075 958 2153 domue;

234 2120 351 2239 'Thais
378 2172 460 2259 patri
486 2195 520 2238 ee
547 2171 794 2330 cdrpppendauit,
823 2172 857 2236 in
883 2170 1058 2237 clientelam
1083 2171 1115 2235 dt

637 2289 686 2330 em

130 2383 157 2423 ro
253 2361 355 2428 Nobis
372 2360 458 2427 dedit
476 2384 519 2427 se.
553 2360 613 2425 ΡΑ.
635 2358 782 2424 Frdtrie
773 2359 870 2445 igitur
886 2359 985 2425 Thalia
1003 2360 1115 2424 totact?
1133 2363 1200 2419 1040

593 2452 653 2519 Cn.
677 2453 815 2520 Scilicet.

168 2552 228 2617 Pa
250 2550 320 2615 Iam
337 2550 398 2615 hoe
414 2550 501 2615 aliud
518 2559 565 2615 est
582 2549 667 2632 quod
685 2548 894 2633 gaudeamus:
912 2546 1002 2613 miles
1020 2547 1116 2634 pelle·

592 2643 643 2707 tin
660 2643 754 2707 forae.

171 2738 231 2805 Cn.
252 2738 305 2803 Tu
314 2738 471 2804 friterubi
480 2736 536 2803 ubi
545 2750 593 2803 est
602 2736 653 2800 fac
663 2734 903 2822 quamprimum
912 2735 991 2801 haec
1000 2734 1116 2800 audiat.

590 2830 650 2895 Pr.
672 2829 784 2898 Visam
801 2829 939 2893 domum.
957 2865 1000 2875 -

170 2926 230 2992 Tu.
253 2926 339 2991 Num
365 2925 451 3009 quid,
478 2923 618 3001 Gnatho,
644 2936 680 2988 tu
706 2922 830 2988 dubitas
852 2924 928 3007 quin
950 2944 1010 3009 ego
1032 2924 1117 2988 nune

594 3030 746 3104 perpetuo
764 3016 928 3102 perierim?

172 3112 235 3181 (ΡΝ.
256 3112 332 3179 Sine
350 3113 446 3178 dribio
465 3113 585 3199 opinor.
616 3110 676 3177 Cn.
699 3110 787 3193 Quid
801 3132 1042 3177 commemorem
1055 3112 1118 3197 pri-

593 3229 681 3270 mum
699 3216 754 3270 aut
769 3205 897 3271 laudem
914 3206 1079 3270 mdxume?

133 3321 159 3364 u
256 3303 392 3367 Illumne
410 3301 464 3386 qui
481 3300 558 3366 mihi
576 3300 662 3365 dedit
679 3298 845 3364 concilium
862 3310 897 3364 ut
911 3301 1059 3376 siconem,
1076 3322 1118 3363 an
1135 3312 1203 3366 1045

594 3416 645 3459 me
663 3393 717 3478 qui
735 3393 767 3457 id
785 3393 881 3458 ausus
899 3393 958 3458 sim

256 3490 410 3576 Incipere,
433 3512 475 3554 an
496 3488 655 3554 fortunam
678 3487 874 3564 conlaudem,
898 3490 980 3572 quad
1003 3486 1119 3574 guber-

593 3582 697 3648 natrix
714 3580 785 3658 fuit,

260 3678 352 3759 Quae
369 3678 414 3743 tdt
430 3699 481 3742 res
499 3688 601 3742 tantae
619 3690 684 3741 tam
696 3675 870 3761 dpportune
884 3674 916 3739 in
929 3675 1028 3740 dnum
1045 3696 1120 3740 con-

595 3771 689 3835 clusit
706 3768 800 3844 diem,

260 3867 316 3931 An
332 3867 394 3931 mel
411 3865 507 3951 patria
525 3864 728 3930 festinitatem
746 3874 777 3928 et
793 3861 994 3929 fecilitutem?
1011 3863 1120 3949 clup-

593 3958 685 4046 piter,

262 4053 364 4121 Serua
380 4053 510 4120 dbeecro
527 4053 605 4119 haec
623 4052 707 4117 bona
722 4049 828 4116 ndbisl

231 4156 347 4200 suendae.
933 4151 968 4209 10
