2618 4462
110 272 198 350 mn
543 269 749 332 nvnvcnvs

419 490 619 558 0555555
679 490 872 556 Aunwno

399 597 632 643 55555555555
757 597 781 639 5

110 636 234 751 nucu.
252 679 426 765 Numquis
444 679 496 746 hic
512 678 579 746 eet?
595 677 728 743 nemost.
754 673 915 760 numquis
930 674 1130 741 hincmeee·

374 820 377 825 >
588 771 713 857 quitur?
734 773 827 835 nemo
845 768 979 834 homost.

249 869 360 934 Iamne
378 888 541 952 erumpere
558 865 710 976 56511551
726 863 770 928 mi
787 863 958 950 gaudium?
979 884 1036 949 pro
1054 861 1130 949 Iup-
1147 871 1198 927 550

171 1006 176 1014 ι
248 1055 344 1121 Nunc
360 1056 408 1121 eet
424 971 728 1140 profectc,}i)111tteernflci
741 1072 838 1136 quom
854 1049 977 1138 perpeti
990 1072 1041 1116 me
1057 1049 1131 1136 pce·

165 1178 173 1205 ι
199 1198 202 1202 ,
351 1198 353 1203 .
586 1170 667 1225 eum,

249 1242 299 1309 Ne
333 1240 394 1308 hoc
428 1241 581 1328 gaudium
614 1239 804 1306 contaminet
833 1238 901 1305 uita
934 1237 1130 1326 aegritudine

587 1334 704 1418 aliqua.

251 1430 317 1497 Sed
333 1429 532 1496 neminemne
556 1428 715 1494 curiosum
732 1424 922 1492 interuenire
941 1427 1026 1492 5555
1043 1425 1131 1502 mihi,

250 1523 315 1606 Qui
345 1525 396 1589 556
427 1534 576 1607 sequatur
602 1522 730 1607 qudquo
761 1543 847 1597 eam,
878 1519 1045 1606 rogitando
1075 1521 1132 1584 ob·

587 1615 710 1693 tundat,
728 1614 840 1692 enicet,

250 1710 338 1793 Quid
358 1710 492 1798 gestiam
515 1720 570 1776 aut
591 1709 669 1794 quid
690 1709 791 1774 lactus
813 1708 883 1784 sim,
904 1728 968 1791 quo
989 1707 1131 1794 pergam,
1148 1719 1201 1773 555

176 1833 179 1839 ·
587 1803 674 1868 unde
691 1824 863 1888 emergam,
880 1802 936 1866 ubi
955 1801 1033 1867 siem

249 1898 409 1967 Vestitum
426 1897 511 1964 huuc
528 1909 672 1976 nanctus,
693 1897 770 1981 quid
789 1896 834 1960 mi
854 1917 1014 1980 quaeram,
1036 1899 1131 1962 55555

588 1992 647 2056 sim
665 1988 932 2056 55551555515551

164 2088 228 2153 Α5.
252 2086 358 2150 Adibo
385 2095 479 2170 atque
505 2086 547 2150 ab
573 2107 611 2151 eo
637 2086 772 2172 gratiam
797 2084 889 2161 hanc,
915 2105 1011 2167 quum
1037 2084 1131 2149 uideo

587 2179 679 2255 uelle,
697 2180 792 2244 inibo.

125 2296 152 2337 m
250 2274 404 2353 Chaerea,
426 2275 505 2360 quid
522 2285 570 2341 est
587 2274 673 2359 qued
695 2275 740 2339 sic
761 2273 878 2360 gestie?
903 2274 980 2358 quid
1001 2273 1061 2340 eibi
1079 2273 1132 2340 hic

587 2370 720 2434 uestitus
738 2368 879 2452 quaerit?

251 2463 338 2546 Quid
364 2463 519 2548 estquod
544 2463 645 2529 laetus
671 2462 725 2526 551
751 2461 828 2546 quid
852 2462 911 2527 tibi
936 2463 1005 2528 uie?
1030 2462 1130 2528 satine

587 2556 711 2621 sanu’e?
733 2558 809 2640 quid
826 2579 877 2622 me
895 2556 1078 2642 adspectas⁹

250 2651 337 2734 Quid
347 2652 452 2718 155551
477 2651 537 2717 Cn.
551 2655 568 2734 †
582 2649 613 2716 Ο
627 2651 726 2717 festus
741 2651 807 2716 diee
821 2649 1000 2738 [hominis]1
1019 2653 1129 2730 amice,
1146 2660 1198 2717 560

587 2744 688 2810 551551
708 2745 861 2810 hominum
879 2746 1011 2810 emnium

249 2839 391 2918 Nemeac,
401 2861 496 2924 quem
509 2861 569 2926 ego
582 2837 731 2904 nunciam
745 2838 846 2925 magis
859 2841 1007 2926 cuperem
1020 2839 1129 2907 uidere

587 2935 683 3018 quam
700 2944 740 3000 te.

165 3028 227 3096 Au.
250 3028 353 3094 Narra
374 3030 456 3092 istuc
478 3047 597 3112 quaeso
618 3026 695 3110 quid
717 3026 766 3091 sit.
811 3025 993 3093 (1515555
1015 3030 1076 3116 ego
1097 3041 1129 3096 te

586 3121 716 3185 ebsecro
734 3120 839 3185 hercle
856 3131 892 3186 ut
910 3122 1029 3189 audias.

127 3232 153 3276 m
249 3214 363 3280 Nostin
377 3215 469 3293 hanc,
480 3237 576 3300 quam
590 3226 675 3280 amat
688 3214 803 3279 frater?
820 3216 882 3282 An.
892 3215 991 3282 Noui:
1004 3219 1128 3305 nempe,

589 3309 709 3394 opinor,
727 3308 892 3375 Tha'n'dem.

167 3399 227 3466 Cn.
251 3402 347 3467 Istam
360 3405 472 3489 ipsam.
496 3404 557 3469 Au.
574 3403 629 3469 Sic
643 3402 927 3469 commemineram.
950 3402 1130 3487 0511555-

588 3498 661 3561 dam
678 3495 772 3562 hudie
791 3508 839 3562 est
856 3499 885 3563 ei
903 3498 984 3563 (1556
1001 3499 1075 3564 data

250 3591 366 3678 Virgcz
384 3591 460 3676 quid
479 3615 539 3679 ego
557 3592 624 3657 eius
642 3592 699 3656 tibi
717 3614 801 3657 nunc
818 3592 932 3658 faciem
950 3595 1129 3678 praedicem
1146 3603 1198 3659 565

587 3697 642 3751 aut
659 3686 795 3764 laudem,
813 3668 966 3773 Antipho,

251 3778 357 3861 Quom
383 3781 468 3866 ipsiu
494 3803 546 3846 me
572 3780 656 3845 noris
682 3802 778 3864 quam
804 3781 930 3867 elegans
957 3782 1129 3848 formarum

587 3875 741 3960 spectatur
759 3875 856 3939 siem?

250 3967 290 4032 In
307 3967 366 4032 hac
385 3981 559 4034 commotus
578 3992 656 4034 eum.
685 3970 893 4035 Α5.Α15151
919 3968 1130 4038 On.Primam

588 4063 683 4141 (11555,
701 4063 777 4141 scio,
795 4063 822 4128 si
840 4064 965 4130 uideris.
