2618 4462
203 246 264 312 190
596 259 770 316 PHORMIO
1105 302 1108 308 .
1148 259 1219 330 v,8

132 389 184 444 935
200 382 260 447 Pa.
284 382 411 463 Quaeso
428 382 506 467 quid
522 383 649 447 narras?
683 381 746 446 Da.
766 380 852 463 Quin
875 393 909 447 tu
930 381 974 447 mi
997 383 1164 468 argentdm

199 571 259 635 Pu.
282 571 384 635 Immo
402 572 478 637 udro
496 476 785 637 uxoremoddodedo.
820 569 883 634 Du.
901 570 941 634 In
958 570 1007 635 ius
1025 568 1163 635 ambula.

200 665 260 729 Pu.
283 664 379 728 Enim
397 666 473 730 uero
490 665 517 730 si
534 687 627 750 porro
644 666 713 730 esse
730 663 831 728 odiosi
846 663 977 750 pdrgitis
995 711 1004 728 .
1023 711 1032 728 .

201 757 264 825 Du.
287 757 375 837 Quid
391 758 507 824 facies?
531 759 592 824 Pru
610 757 742 843 Egone?
759 759 818 824 uds
835 780 886 824 me
902 758 1049 824 indotatis
1067 757 1162 823 modo
1176 775 1205 817 ts

285 853 480 918 Patrocinari
496 853 630 919 fdrtasse
647 851 857 918 arbitremini:

60 954 63 961 '
133 959 185 1012 940
286 946 393 1011 Etiam
421 947 535 1013 dotatis
556 947 666 1055 soleo..
691 944 755 1056 βε.
779 944 868 1027 Quid
892 945 925 1011 id
945 946 1070 1011 nostro?
1102 945 1163 1011 Pa.

259 1207 261 1212 ,
287 1135 352 1199 Hic
378 1134 537 1217 quandam
563 1040 829 1219 nordddljlliluoius
855 1133 905 1198 uir
929 1155 1060 1199 uxorem
1103 1130 1163 1198 Cu.

622 1229 715 1293 Hem.
758 1228 821 1292 Da.
840 1227 928 1309 Quid
945 1228 1011 1294 est?

201 1322 262 1387 Pa.
284 1322 400 1387 Lemni
425 1321 537 1388 habuit
562 1323 671 1388 aliems
708 1320 767 1387 ca
790 1322 904 1387 Nullus
927 1344 1006 1388 sum.
1041 1321 1101 1386 Pu.
1124 1344 1165 1386 ex

626 1437 690 1501 qua
707 1416 807 1481 filiam

286 1508 443 1595 Suscepit,
462 1521 493 1576 et
505 1532 575 1575 eam
594 1510 675 1575 clam
688 1510 812 1575 educat.
841 1507 900 1573 On.
916 1508 1068 1594 Sepdltus
1082 1531 1163 1572 sum.
1178 1526 1207 1568 5ο

201 1603 261 1667 Pa.
284 1605 375 1669 Haec
391 1605 471 1670 odeo
489 1626 549 1689 ego
566 1604 610 1669 illi
628 1603 691 1668 iam
709 1603 892 1669 denarrat-bo.
929 1601 990 1668 Cn.
1009 1582 1164 1680 Obsecro,

133 1701 185 1754 945
285 1697 336 1763 Ne
353 1698 461 1763 facias.
504 1698 563 1763 Pu.
582 1695 648 1775 Oh,
666 1699 784 1763 turreis
802 1697 890 1763 eras?
928 1696 992 1760 Du.
1010 1698 1055 1762 Vt
1071 1696 1165 1762 ludds

623 1790 713 1856 faciti

203 1881 264 1949 Cu.
285 1884 421 1949 Missum
440 1898 470 1950 te
488 1884 631 1950 facimus.
665 1884 726 1949 Pu.
744 1884 896 1950 Fabulae.
932 1882 992 1949 On.
1012 1883 1099 1965 Quid
1115 1885 1164 1950 uis

622 1978 697 2043 tibi?

286 2074 466 2158 Argentum
475 2072 560 2156 quod
574 2071 672 2138 habes
686 2071 899 2137 cdndonamus
912 2083 953 2136 te.
974 2072 1034 2136 Pu.
1045 2071 1164 2137 Audio.

288 2166 375 2247 Quid
392 2168 450 2232 uds
467 2168 585 2231 malum
604 2188 680 2251 ergo
697 2166 748 2231 md
765 2165 811 2231 sic
827 2165 1029 2231 ludificdmini
1177 2183 1206 2225 55

286 2260 390 2344 lnepti
407 2273 514 2324 uostra
530 2258 643 2344 puerili
659 2258 879 2324 inconstdntia?

133 2357 184 2412 950
286 2352 367 2417 Nolo
384 2351 471 2430 uolo;
488 2351 562 2416 uolo
578 2351 650 2416 nolo
666 2373 807 2429 rursum3
825 2353 903 2437 cape
921 2350 998 2415 cedo
1003 2375 1012 2428 ;

286 2444 383 2527 Quod
396 2444 525 2522 dictum,
543 2443 739 2520 indictumst3
757 2443 950 2528 quodmodo
965 2454 1032 2509 erat
1049 2454 1164 2522 ratum,

623 2536 790 2601 inritumst.

203 2632 262 2697 Cn.
286 2631 360 2713 Quo
374 2635 467 2716 pdcto
480 2641 534 2696 aut
543 2630 627 2696 unde
640 2630 691 2696 hic
705 2630 783 2695 hado
796 2629 941 2696 resciuiti
957 2628 1021 2694 Du.
1034 2629 1165 2708 Nesci03

286 2726 357 2791 Nisi
373 2727 424 2791 md
442 2725 558 2791 dixisse
575 2725 693 2790 nemini
710 2726 796 2790 certo
813 2724 886 2789 scio.
1178 2746 1204 2785 55

203 2818 263 2885 Cu.
285 2819 435 2897 Monstri,
461 2821 506 2884 ita
530 2840 582 2884 me
608 2818 641 2883 di
668 2830 788 2896 ament,
819 2817 928 2881 simile.
979 2817 1040 2882 Pu.
1067 2817 1165 2884 Inieci

622 2912 814 2998 scrupulum.
849 2910 913 2975 Du.
932 2912 1027 2984 Hem,

134 3015 185 3071 955
264 3000 403 3073 *Hicine
420 3017 456 3085 ut
473 3030 493 3072 a
510 3006 601 3071 nobis
618 3005 679 3072 hdo
696 3016 819 3070 tantum
837 3005 957 3090 argenti
976 3005 1097 3070 adferat

286 3103 368 3167 Tam
386 3103 494 3186 aperte
511 3100 668 3166 inridens?
685 3097 904 3165 e1n0rihercle
921 3099 1018 3164 sattius
1036 3111 1092 3165 est.

286 3196 404 3260 Animd
421 3195 503 3260 uirili
521 3194 741 3280 praesentique
759 3205 793 3257 ut
811 3195 853 3257 sis
870 3214 957 3278 para.

218 3354 219 3358 ,
286 3290 385 3357 Vides
403 3301 489 3354 tuom
508 3291 672 3373 peccatum
689 3309 758 3353 esse
776 3286 893 3352 elatum
911 3287 994 3351 foras
1179 3307 1206 3348 55

287 3385 400 3467 Neque
417 3383 480 3447 iarn
497 3382 531 3446 id
547 3383 649 3448 celare
666 3382 757 3466 posse
775 3393 806 3446 te
823 3382 952 3446 uxorem
971 3391 1072 3444 tuam:

135 3487 144 3517 ‘
161 3487 167 3503 ¹
275 3479 382 3556 ¹Nunc
398 3477 485 3561 qudd
502 3477 571 3562 ipsa
588 3499 628 3541 ex
645 3476 714 3540 aliis
731 3474 877 3540 additura
893 3477 943 3551 sit,
961 3472 1126 3552 Chremes,

288 3572 327 3636 Id
345 3572 468 3636 nosmet
484 3570 622 3635 indicdre
640 3569 825 3655 placabilius
843 3580 899 3634 est.

288 3667 372 3730 Tum
389 3664 474 3730 hunc
490 3661 671 3749 inparatum
688 3663 858 3748 poterimus
876 3662 980 3726 nostrd
998 3660 1092 3726 modo

287 3759 414 3825 Vlcisoi.
449 3757 509 3823 Pu.
528 3759 630 3834 Anat,
647 3757 708 3821 nisi
724 3757 768 3820 mi
785 3755 950 3842 prospicio,
968 3755 1091 3820 haereo.
1178 3775 1205 3817 to

290 3854 334 3917 Hi
352 3851 537 3938 glddiatorio
555 3850 661 3915 dnimo
679 3851 720 3915 ad
737 3873 788 3916 me
805 3849 966 3914 adfectant
984 3849 1079 3913 uiam.

137 3955 188 4012 965
206 3946 266 4014 Cn.
289 3948 335 4011 At
352 3949 464 4011 uereor
481 3957 515 4010 ut
534 3945 652 4031 placari
668 3944 774 4029 possit.
805 3943 866 4008 Da.
885 3944 976 4008 Bono
995 3943 1097 4007 animo
1115 3964 1164 4007 es:

289 4041 361 4130 Ego
375 4041 516 4128 redigam
529 4061 587 4105 uos
599 4038 788 4126 ingratiam,
803 4037 862 4106 hoc
874 4037 982 4114 fretus,
1002 4035 1165 4116 Chremes,

1004 4186 1076 4207 uffa..
