2618 4462
109 296 194 370 ma
227 292 230 297 “
538 291 747 350 macanos
1064 275 1126 343 251

107 438 150 480 ·2t
247 403 312 486 Era
331 468 339 485 .
359 468 367 485 .
396 419 451 487 So.
470 419 558 502 Quid
576 419 641 483 est?
658 417 734 500 quid
752 416 908 502 trepidas?
935 414 1129 486 (10111οῑ11

585 510 646 576 Os.
669 510 757 593 Quid
773 511 916 588 festinas,
935 513 978 574 mi
997 508 1100 576 Geta?

247 591 398 674 enimam
421 608 535 693 recipe.
572 605 635 674 Gn.
658 606 838 691 prorsus..
866 603 921 670 Sc.
946 603 1032 685 Quid
1049 604 1130 668 istuc

586 700 879 786 ‘prorsus’ergost?
898 697 960 764 Gn.
969 699 1128 784 periimus.

248 777 406 862 rictumst.
435 795 491 862 So.
510 795 678 879 Eloquere,
692 793 822 858 obsecro
836 804 877 869 te,
896 793 973 876 quid
981 793 1048 878 fit?
1067 789 1129 857 Gn.
1147 797 1199 852 325

583 889 674 952 lam.
694 934 702 953 .
732 885 787 952 So.
806 885 894 968 Quid
908 886 1009 962 ι11110,
1028 884 1130 950 Geta?

165 981 225 1049 (10.
252 983 428 1049 Aeschinus
448 1031 456 1047 .
475 1029 483 1048 .
512 982 567 1047 So.
586 981 674 1062 Quid
690 982 716 1045 is
735 983 829 1066 ergo?
865 979 926 1046 Gn.
945 981 1065 1045 alienus
1083 980 1131 1044 est

585 1076 626 1139 ab
643 1086 751 1139 nostra
767 1074 895 1140 familia.
932 1073 987 1140 So.
1011 1076 1107 1151 Hem,

248 1171 344 1236 Perii.
364 1193 427 1255 qua
441 1171 493 1236 re?
521 1169 581 1235 Gn.
600 1170 719 1234 Amore
734 1169 854 1254 occepit
868 1169 971 1234 oliam.
995 1167 1130 1234 Savus

103 1305 106 1312 ·
585 1263 717 1329 miserae
734 1262 825 1328 mibii

125 1376 150 1417 ⁸0
165 1357 226 1424 Gn.
248 1359 362 1444 Neque
393 1359 427 1422 id
456 1357 579 1423 occulte
609 1358 684 1435 fert,
716 1381 735 1422 a
761 1358 872 1422 lenone
902 1359 990 1443 ipsus
1017 1357 1131 1443 cripuit

585 1452 700 1537 palam.

165 1546 219 1612 So.
247 1546 358 1613 Satine
379 1547 439 1612 hoc
462 1546 635 1611 certumst?
668 1543 729 1609 Gn.
758 1542 899 1610 Certum.
927 1546 1012 1610 bisce
1030 1546 1128 1610 oculis

586 1641 712 1724 egomet
724 1639 800 1716 uidi,
816 1639 966 1705 Sostrata.
989 1637 1045 1706 so.
1064 1639 1129 1716 Ab,

248 1735 304 1800 Me
322 1733 482 1801 miserami
506 1733 582 1818 quid
600 1733 663 1798 iam
681 1733 808 1798 credas?
831 1745 886 1798 aut
908 1734 984 1817 quoi
1001 1733 1129 1798 credas?
1146 1744 1198 1799 330

584 1839 767 1892 nostrumne
784 1827 991 1905 Aeschinum,

247 1924 395 1990 Nostrem
425 1922 523 1987 uitam
556 1922 710 1998 omnium,
744 1923 777 1986 10
808 1943 871 2006 quo
901 1932 1027 1987 nostrae
1057 1923 1130 2007 spes

584 2035 723 2102 opesque
741 2018 850 2080 omnes
869 2016 947 2082 sitae

248 2109 366 2175 Erant?
390 2111 445 2195 qui
467 2110 533 2176 sine
556 2109 616 2175 bac
637 2111 761 2174 iurabat
784 2133 817 2175 00
839 2134 938 2175 unum
956 2111 1128 2195 numquam

587 2204 742 2269 uicturom
761 2205 863 2269 diem?

248 2297 312 2379 Qui
334 2299 422 2362 0010
446 2297 493 2362 sui
516 2298 636 2384 gremio
656 2298 831 2382 positurum
854 2299 987 2384 prierum
1006 2297 1128 2364 dicebat

584 2393 692 2477 patris,

250 2487 300 2549 Ita
326 2486 579 2562 obsecraturum,
610 2486 645 2549 bt
670 2485 778 2550 liceret
804 2485 885 2550 hene
912 2486 971 2550 sibi
998 2509 1128 2552 uxorem

585 2578 718 2644 docere?

166 2670 226 2737 Gn.
251 2671 324 2748 Era,
342 2673 498 2737 lacnmras
516 2672 603 2737 mitte
622 2694 659 2737 ac
676 2672 781 2758 potius
800 2672 885 2756 quod
902 2673 943 2737 ad
961 2672 1042 2739 hanc
1061 2696 1128 2740 rem
1146 2687 1197 2742 335

586 2767 664 2852 opus
683 2777 730 2830 est
747 2788 841 2851 porro
858 2767 1016 2853 prospice:

246 2860 451 2925 Patiomurne
470 2884 509 2924 an
527 2863 689 2925 narremus
708 2860 886 2947 quoipiam?
922 2860 981 2926 Cn.
1004 2864 1059 2928 Aa
1075 2887 1127 2943 au,

586 2955 628 3018 mi
648 2956 751 3030 homo,
770 2959 870 3020 sonan
889 2958 941 3021 es?

247 3049 302 3112 An
316 3049 375 3113 boc
389 3048 611 3134 proferendum
626 3049 682 3113 tibi
694 3048 819 3114 uidetur
827 3052 979 3134 osquam?
1002 3051 1064 3117 Gn.
1078 3053 1128 3117 Mi

586 3143 713 3226 quidem
731 3146 792 3208 non
810 3146 923 3230 placet.
1039 3228 1041 3232 7

250 3237 317 3300 Iam
341 3238 476 3322 primum
499 3237 588 3302 illum
606 3237 706 3303 alieno
724 3238 829 3302 enimc
847 3261 866 3302 a
883 3239 973 3304 nobis
991 3242 1060 3306 esse
1077 3263 1128 3306 res

585 3331 654 3416 ipsa
671 3331 797 3395 indicat.

250 3425 343 3489 Nunc
365 3425 392 3489 si
413 3424 474 3489 hoc
498 3426 602 3510 palam
624 3426 826 3510 proferimus,
848 3426 900 3493 ille
921 3426 1038 3494 10111100
1059 3429 1126 3508 ibit,

586 3521 634 3582 sot
651 3518 730 3584 scio:

248 3612 319 3676 Tua
336 3612 421 3676 foma
439 3622 470 3676 ct
492 3623 606 3696 gnatae
624 3614 689 3676 uita
706 3612 738 3676 in
756 3612 888 3677 dubium
908 3614 1024 3681 ueniet.
1059 3628 1127 3681 tum
1144 3628 1196 3684 340

585 3706 611 3770 si
630 3709 777 3771 maxume

249 3800 408 3874 Fateetur,
436 3820 531 3882 quom
554 3810 637 3864 amet
658 3799 763 3879 oliam,
789 3822 853 3865 non
879 3812 927 3866 est
949 3802 1024 3869 utile
1045 3803 1127 3870 hanc
1189 3840 1191 3844 ·

587 3894 632 3957 1111
652 3894 728 3958 dari.

250 3987 452 4071 Quapropter
470 4009 597 4070 quoquo
615 3990 707 4072 pecto
725 3988 849 4054 tacitost
867 3990 955 4075 opus.
988 3990 1043 4057 So.
1062 3994 1127 4072 Ab,

586 4081 725 4146 minume
743 4083 898 4169 gentium:
978 4153 981 4157 ,
