2618 4462
94 258 149 330 na
540 253 716 312 rnonmo
1052 235 1113 304 153

232 380 333 447 Modo
350 379 386 444 ut
404 388 508 445 taoere
525 377 637 465 pessis.
680 374 745 442 Dr.
763 375 830 441 Abi
847 375 900 454 eis,
915 375 1066 442 insciens:

109 494 136 535 ro
235 473 360 556 Quoius
377 473 413 538 tu
429 473 525 539 iidem
541 472 575 537 in
592 470 728 558 peounia
744 470 951 558 perspexeris,
1130 474 1165 530 60

233 569 352 635 Verere
369 567 468 633 uerba
485 566 515 632 ei
532 566 678 633 eredere?
703 565 759 630 ubi
776 565 854 650 quid
870 563 947 629 mibi
963 564 1071 630 luorist

233 662 281 729 Te
298 661 427 727 fellere?
449 658 512 726 Gn.
526 659 614 746 Ergo
627 660 778 726 ausculta.
800 658 865 724 DA.
879 659 974 725 Hane
985 680 1113 746 operam

571 753 629 819 tibi
647 753 727 819 dieo.

150 848 213 916 Gr.
237 848 330 916 Senis
347 848 454 926 nestri,
472 847 577 926 Daue,
595 848 726 914 iretrem
741 846 892 936 maiorem
910 845 1080 913 Chremem

233 942 365 1008 Nostin?
399 941 464 1008 Dr.
483 941 573 1025 Quid
592 941 644 1006 ni?
679 939 742 1009 Gn.
761 940 868 1024 Quid?
894 940 961 1006 eius
982 951 1114 1027 gnatum

570 1034 781 1100 Phaedriam?

112 1129 214 1196 rsDa.
231 1130 313 1195 Tam
344 1130 440 1214 quem
471 1140 512 1195 te.
564 1127 627 1195 Gn.
653 1127 772 1195 Euenit
801 1128 930 1194 senibus
961 1126 1114 1193 ambobus
1131 1131 1165 1187 65

574 1222 668 1288 simul

236 1317 303 1382 Iter
319 1316 364 1381 flii
382 1316 415 1380 in
432 1315 592 1382 Lemnum
608 1327 645 1381 ut
661 1318 754 1395 esset,
771 1325 877 1382 nostro
894 1315 927 1380 in
945 1312 1089 1381 Ciliciam

234 1411 289 1476 Ad
307 1409 462 1496 bespitem
480 1410 652 1495 antiquom.
686 1412 713 1475 is
731 1433 839 1476 senem
856 1432 913 1496 per
930 1409 1080 1496 epistulas

234 1504 379 1582 Pellexit,
397 1503 492 1568 modo
508 1525 572 1569 non
589 1504 702 1570 mentis
720 1505 789 1570 auri
805 1505 965 1590 pellicens.

150 1599 215 1664 Da,
234 1597 319 1678 Quoi
337 1601 425 1663 tenta
442 1609 508 1663 erat
525 1620 575 1664 res
593 1599 625 1663 et
642 1600 821 1684 supererat?
856 1595 918 1665 Gn.
937 1597 1087 1663 Desinas:

112 1711 139 1751 ²⁰
236 1691 291 1759 Sio
321 1694 368 1758 est
396 1692 569 1779 ingenium.
625 1692 689 1757 Da·
721 1689 791 1772 Oh,
825 1694 933 1780 regem
963 1715 1015 1758 me
1045 1713 1114 1758 esse
1131 1696 1166 1753 to

572 1788 717 1874 opertuit.

151 1880 214 1948 Gn.
236 1881 402 1949 Abeuntes
420 1881 515 1947 ambo
532 1881 668 1948 hictum
687 1905 777 1948 senes
795 1904 846 1948 me
863 1881 938 1948 filiis

235 1977 427 2062 Relinquunt
444 1977 535 2062 quasi
555 1979 751 2063 magistrum.
794 1976 858 2043 DA.
878 1974 909 2042 Ο
929 1975 1021 2055 Geta,
1042 1997 1115 2063 pro-

571 2070 707 2136 uinoiam

236 2163 357 2250 Cepisti
374 2164 494 2230 duram.
539 2162 600 2230 Gn.
618 2165 669 2230 Mi
685 2166 762 2230 usus
780 2164 877 2243 uenit,
896 2164 955 2230 heo
972 2164 1051 2230 seio:

234 2257 369 2324 Memini
385 2257 521 2342 relinqui
538 2260 589 2323 me
608 2258 667 2324 deo
684 2259 763 2324 irate
779 2280 861 2324 meo.
874 2304 898 2345 s

111 2370 138 2413 rs
236 2350 336 2438 Coepi
353 2352 516 2418 eduorsari
533 2353 649 2439 primo:
668 2353 746 2437 quid
762 2353 867 2418 uerbis
885 2352 996 2438 opust?
1132 2363 1166 2418 75

237 2443 315 2511 Seni
331 2445 433 2511 fidelis
451 2445 526 2510 dum
544 2467 625 2522 sum,
643 2446 787 2533 scapulas
805 2446 936 2532 perdidi.

150 2538 215 2605 DA.
233 2539 358 2606 Venere
374 2537 408 2603 in
425 2550 563 2604 mentem
580 2540 624 2604 mi
639 2541 752 2606 istaec:
769 2561 906 2623 namque
923 2538 1084 2616 inscitiast,

235 2633 418 2698 Aduersum
436 2632 597 2698 stimulum
615 2633 727 2699 oeloes.
755 2632 816 2700 Gn.
831 2631 932 2719 Coepi
949 2633 994 2699 eis
1011 2633 1115 2697 emnia

235 2726 371 2805 Facere,
400 2726 532 2810 ebsequi
561 2748 644 2810 quae
673 2728 800 2794 uellent.
851 2726 916 2793 Du.
943 2725 1038 2794 Scisti
1068 2729 1114 2792 uti

989 2822 1072 2849 ff„

642 2869 649 2885 .
817 2834 821 2851 ¹
837 2838 987 2858 ““·““·“““·“

1088 1852 1186 1873 Um*

111 2934 139 2975 eo
152 2913 213 2981 Gn.
232 2914 348 2979 Noster
364 2914 440 2978 meli
457 2913 501 2979 nil
518 2916 687 2999 quiequam
704 2915 805 3002 primo
810 2940 820 2994 3
837 2913 890 2980 hie
906 2914 1064 2980 Phaedria
1130 2929 1165 2984 80

236 3007 396 3074 Continuo
413 3008 572 3091 quandam
589 3011 701 3074 neotus
718 3020 765 3074 eet
782 3008 954 3095 puellulam

236 3101 476 3179 Citharistriam,
493 3101 575 3167 bano
593 3105 699 3169 amere
717 3103 819 3190 eoepit
836 3103 967 3189 perdite.

235 3195 285 3260 Ea
302 3195 459 3261 seruiebat
474 3196 580 3261 lenoni
596 3196 818 3282 inpurissumo‚

234 3290 346 3373 Neque
361 3290 447 3374 qued
461 3290 588 3355 daretur
597 3293 780 3374 quiequam
793 3292 826 3356 id
839 3293 986 3356 curarent
998 3302 1112 3378 patres·

110 3403 138 3446 ss
234 3384 386 3449 Restebat
403 3383 490 3448 aliud
507 3385 551 3449 nil
567 3385 628 3450 nisi
646 3386 754 3450 oeulos
771 3389 911 3472 pumero,
1130 3409 1165 3462 85

237 3477 369 3555 Seueri,
386 3478 420 3542 in
436 3478 547 3544 ludum
564 3479 679 3545 duoere
696 3492 727 3546 et
743 3480 923 3545 redducere.

234 3572 302 3636 Nos
320 3572 409 3637 etiosi
427 3576 556 3659 operem
575 3572 729 3639 dabamus
746 3573 933 3654 Phaedriae
1003 3646 1007 3653 ¹
1033 3648 1039 3653 ,
1084 3646 1089 3655 ,

10 3650 609 3749 “W'dis'eebet
622 3651 721 3743 ludes
729 3654 938 3733 eliaduorsum
954 3667 1027 3733 ilieo

236 3759 406 3824 Tonstrina
424 3771 490 3825 erat
508 3760 678 3843 quaedem:
696 3761 748 3826 hio
765 3761 943 3827 solebamus
960 3762 1027 3827 fere

110 3872 137 3914 so
236 3853 428 3938 Plerumque
446 3877 516 3920 eam
533 3856 679 3940 opperiri,
699 3855 773 3921 dum
790 3855 863 3921 inde
880 3856 939 3920 iret
956 3856 1095 3921 domum.
1109 3870 1164 3980 fio

236 3947 362 4013 Interea
380 3948 455 4013 dum
473 3950 618 4014 sedemus
636 3949 691 4027 illi,
709 3951 877 4016 interuenit

235 4041 434 4110 Adulescens
452 4042 579 4128 quidam
597 4042 785 4110 lacrumans.
820 4065 877 4110 nos
894 4044 1048 4122 mirerier3
