2618 4462
96 291 165 366 v‚4
528 286 734 346 uvuvcflvs
1053 275 1113 341 141

235 413 328 496 Quae
356 414 463 478 futuru
493 413 639 497 exempla
669 411 778 477 dieunt
807 411 840 477 iu
871 432 945 477 eum
974 411 1113 498 indigna.

572 506 632 571 Pu.
651 503 683 571 Ο
703 505 855 592 Iuppiter,

111 620 138 662 ιι
236 601 330 683 Quae
348 602 439 667 illaec
456 600 597 666 turbast?
617 601 693 664 num
712 620 788 663 nam
809 620 870 685 ego
891 599 989 685 perii?
1010 600 1113 664 adibo.

572 692 649 777 quid
666 693 757 771 istuc,
777 692 929 779 Pythias?

235 789 322 870 Quid
339 789 404 853 ais?
427 788 460 853 in
482 809 577 872 quem
600 787 745 872 exempla
766 786 861 852 fient?
893 787 953 852 ΡΥ.
970 787 1115 873 Rdgitas,

571 881 808 946 audacissume?

233 976 403 1041 Perdidisti
420 975 515 1041 istum
532 996 627 1060 quem
648 973 780 1040 adduxti
801 994 859 1059 pro
876 974 1020 1040 eunucho
1037 975 1116 1040 adu·

572 1068 792 1145 lesedutulum,

234 1163 322 1228 Dium
350 1164 456 1230 studes
479 1164 554 1230 dare
576 1163 675 1228 uerba
701 1162 802 1228 nobis.
845 1162 905 1228 Ρι.
941 1161 1030 1244 Quid
1053 1162 1115 1227 ita?
1133 1172 1184 1228 950

573 1268 628 1324 aut
645 1256 722 1340 quid
739 1257 907 1322 factumst?
929 1257 1017 1322 cedo.

150 1351 210 1418 ΡΥ.
237 1351 365 1418 Dicam:
387 1350 543 1438 uirginem
564 1353 669 1427 istam,
691 1350 808 1416 Thaidi
824 1350 916 1416 hddie
933 1373 1015 1435 quae
1032 1349 1115 1416 domi

573 1444 686 1521 datast,

112 1557 139 1598 ιι
236 1538 307 1606 Scis
329 1561 400 1605 eam
421 1538 495 1604 hine
516 1538 619 1604 eiuem
641 1538 730 1603 esse?
755 1547 786 1603 et
807 1537 937 1603 fratrem
959 1538 1026 1603 eiu·
1048 1540 1116 1603 esse

573 1632 715 1718 adprime
731 1631 888 1697 udbilem?

151 1725 210 1791 ΡΑ.
233 1727 356 1792 Nescio.
379 1727 439 1792 ΡΥ.
452 1727 553 1811 Atqui
571 1729 615 1792 sie
632 1727 804 1793 inuentaet:
822 1729 893 1792 dam
910 1726 981 1791 istie
992 1725 1116 1792 uitiauit

572 1843 676 1886 miser.

235 1895 294 1979 ille
311 1915 367 1979 ubi
388 1915 422 1980 id
441 1915 568 1980 resoluit
591 1915 709 1979 factum
731 1914 829 1980 frdter
850 1914 1116 1994 uiolentiesumus,

151 2007 211 2073 Ρι.
235 2007 322 2088 Quid
351 2032 424 2073 nam
451 2008 545 2075 fecit?
586 2009 646 2074 ΡΥ.
677 2008 847 2094 oduligauit
876 2011 1013 2095 primum
1043 2034 1116 2076 eum
1133 2024 1185 2080 955

573 2104 693 2168 miserie
712 2103 823 2168 modis.

151 2197 211 2261 Υι.
234 2194 437 2283 Cdnligauit?
487 2196 546 2262 ΡΥ.
573 2181 770 2281 mquidem
797 2209 921 2275 orante,
951 2198 988 2261 ιι
1018 2220 1058 2263 ne
1084 2197 1117 2263 id

574 2291 852 2368 faceret,Thd‘1'de.

113 2383 404 2466 sePu.QuIda'1‘s?
437 2383 497 2449 ΡΥ.
515 2384 609 2450 Νιιιιο
626 2385 764 2449 minatur
784 2407 877 2470 porro
896 2387 963 2450 sese
981 2385 1015 2449 id
1031 2385 1117 2470 quod

574 2478 712 2544 moechis
730 2479 823 2545 solet.

237 2570 332 2652 Qudd
350 2594 410 2657 ego
427 2593 600 2657 numquam
617 2573 684 2636 uidi
701 2572 769 2638 fieri
786 2575 890 2658 neque
907 2574 1013 2639 uelim.
1056 2573 1115 2637 Ρι.

575 2665 649 2747 Qua
667 2666 800 2731 auddeie

236 2759 321 2823 Tdnt
308 2769 376 2824 tum
410 2760 532 2825 facinus
572 2760 685 2826 audet?
735 2760 795 2825 ΡΥ.
831 2759 918 2843 Quid
956 2760 1000 2825 ita
1033 2763 1117 2825 ί-ιιὶιι

573 2855 674 2919 tum’?
699 2855 759 2920 Ρι.
778 2856 833 2920 Au
850 2878 913 2920 uon
930 2855 990 2920 hoe
1006 2858 1117 2920 mdxu·

573 2950 709 3013 mumst?

237 3040 318 3122 Quis
340 3042 433 3106 homo
458 3064 515 3128 pro
536 3042 667 3108 moecho
692 3043 844 3127 umquam
865 3042 945 3108 uidit
968 3044 1002 3107 in
1024 3043 1117 3107 domo
1134 3060 1186 3115 960

574 3137 749 3201 meretricia

236 3229 356 3295 Prendi
373 3232 583 3315 quemquam?
613 3231 672 3295 ΡΥ.
690 3231 814 3296 Nescio.
859 3232 918 3296 Pu.
937 3232 984 3296 At
999 3254 1039 3297 ne
1056 3231 1117 3297 hoe

572 3325 729 3402 nesciatis,
746 3325 892 3411 Pythias·

113 3438 140 3478 ιο
236 3418 329 3495 Dico,
344 3420 432 3485 edico
446 3420 535 3485 udbis
548 3432 690 3486 nostrum
704 3444 773 3486 esse
785 3421 875 3486 illum
884 3422 991 3488 erilem
1005 3418 1141 3486 fllium.

574 3515 633 3581 ΡΥ.
651 3517 749 3594 Hem,

238 3586 392 3726 Obseouo,
410 3633 450 3673 au
468 3609 494 3674 is
513 3610 579 3674 est?
609 3610 669 3675 Pu.
687 3609 738 3676 Ne
755 3633 850 3695 quam
866 3611 900 3675 in
917 3611 1007 3675 illum
1019 3610 1117 3676 Thus

573 3704 640 3768 uim
656 3704 725 3770 fieri
742 3704 837 3770 sinat!

238 3778 346 3880 Atque
373 3797 452 3862 adeo
479 3807 534 3862 aut
536 3821 586 3864 em
608 3800 686 3882 qudr
711 3822 775 3864 non
802 3821 839 3885 e
822 3810 927 3864 umet
951 3801 1033 3864 intro
1059 3808 1115 3871 eo?

573 3893 631 3958 ΡΥ.
651 3894 747 3970 Vide,
765 3894 933 3972 Pdrmenq

239 3986 328 4069 Quid
346 4010 432 4074 agas,
450 4009 490 4052 ne
507 4010 610 4072 neque
627 3988 672 4053 illi
689 3989 789 4074 prosis
804 3990 835 4054 dt
848 4000 883 4053 tu
899 4011 1025 4076 peream
1042 4012 1116 4055 nam
1133 3998 1184 4056 965

577 4083 635 4150 hdo
653 4093 774 4172 putant,
