2618 4462
181 247 225 315 30
589 261 738 319 sunum
1062 259 1116 328 ιιι,
1128 260 1153 314 2
1165 258 1197 314 e

484 389 487 392 ’
566 384 612 450 Sr.
649 383 755 466 Quid
754 384 819 450 ai's'?
837 405 931 467 quem
942 383 1147 449 intellexeras

265 460 306 544 I'd
331 480 495 545 eonsilium
523 481 650 565 capere,
681 500 760 562 quor
791 500 855 542 nen
882 478 960 542 dixti
991 476 1149 561 extemplo

603 572 791 657 Pamphilo?
892 581 895 585 ’
983 582 985 587 ’
1027 635 1030 638 ,

181 669 245 733 Du.
269 666 351 751 Quis
373 667 469 753 igitur
490 689 564 733 eum
585 666 626 731 ab
647 666 703 731 ffla
721 665 791 730 abst
779 665 874 730 traxit
890 665 951 730 nlsi
974 664 1054 774 egoi
1075 686 1149 728 nam

603 783 712 826 omnes
728 760 787 826 ιιόε
805 759 935 844 quidem

113 869 164 924 520
266 852 403 932 Scimus,
420 875 517 939 quam
535 853 648 919 misere
661 853 742 919 hane
756 852 881 918 amarit·
899 853 984 917 nime
997 851 1057 917 sibi
1071 872 1149 915 uxo·
1162 868 1188 908 ιο

603 970 671 1012 rem
689 947 818 1032 expetit.
885 963 887 966 ⁴

265 1042 431 1108 Pestremo
452 1040 487 1106 id
508 1041 586 1106 mihi
607 1041 648 1105 da
670 1041 791 1128 negoti3
813 1040 849 1105 tu
866 1050 973 1105 tamen
990 1039 1074 1104 idem
1093 1037 1149 1102 has

604 1135 730 1220 nuptias
861 1162 862 1165 ¹

265 1229 352 1316 Perg
331 1251 370 1295 oe
392 1229 496 1296 faeere
517 1229 562 1294 ita
584 1229 617 1294 ut
638 1228 731 1307 faeie,
760 1238 790 1294 et
816 1227 849 1293 id
872 1209 964 1313 spero
987 1225 1149 1291 adiutures

605 1323 691 1388 deos
777 1353 779 1379 z

183 1415 229 1482 δι.
264 1396 368 1482 lmmo
390 1416 473 1481 abi
463 1427 559 1483 mtro.
582 1416 627 1481 ibi
648 1439 699 1482 me
721 1415 866 1502 6pperire
884 1424 916 1480 et
932 1414 1019 1499 qued
1039 1424 1149 1498 parato

604 1532 685 1596 opus
702 1511 750 1575 est
767 1533 854 1595 para.
872 1546 914 1555 —

250 1604 340 1670 'Nou
356 1604 472 1689 inpulit
488 1627 549 1681 me,
572 1604 651 1670 haee
673 1604 758 1668 mine
776 1603 956 1668 omnino'ut
973 1601 1133 1668 crederem
1139 1625 1148 1678 3

114 1709 165 1764 525
266 1700 370 1783 Atqui
387 1699 472 1763 haud
489 1698 555 1763 seio
573 1722 615 1763 un
631 1719 714 1780 quae
732 1697 811 1761 dixit
827 1697 889 1761 sint
906 1719 983 1761 uera
1001 1695 1115 1761 emnia.
1162 1711 1188 1752 ιι

268 1790 334 1859 Sed
351 1792 443 1877 parui
459 1792 577 1878 pende:
595 1790 675 1857 illiul
691 1791 768 1855 mihi
785 1791 885 1856 multo
903 1792 1128 1866 maxumumst,

267 1885 365 1968 Quod
374 1886 450 1950 mihi
459 1885 728 1972 pollicitustlpsus
737 1896 862 1969 gnatus.
884 1884 968 1948 nune
979 1880 1149 1948 Chremem

207 2037 208 2041 ,
268 1978 477 2056 Οοιιιιόιιίιιιιι,
495 1979 592 2044 orabo
610 1981 707 2064 gnato
725 1999 870 2043 uxorem:
890 1975 951 2064 [id]
966 1977 993 2041 si
1006 1978 1149 2062 impetro,

268 2072 356 2155 Quid
372 2073 451 2138 alias
467 2073 575 2137 malim
593 2094 690 2156 quam
707 2071 802 2137 hedis
819 2071 875 2135 has
893 2070 960 2135 fieri
977 2070 1121 2155 nuptias?

203 2197 206 2201 ·
267 2168 350 2232 Nam
369 2169 484 2251 gnatus
501 2167 587 2250 quod
598 2165 779 2252 pollicitust,
797 2165 883 2230 haud
893 2164 1054 2229 dubiumst
1063 2164 1149 2240 mihi,
1164 2181 1189 2222 su

268 2260 306 2326 Si
323 2261 411 2337 milit,
429 2261 506 2345 quin
524 2283 596 2325 eum
613 2260 725 2324 me'rito
742 2259 860 2345 possim
877 2259 1001 2344 erigere.

269 2355 377 2438 Atque
390 2355 470 2419 adeo
483 2355 516 2418 in
529 2355 598 2440 ipso
607 2356 748 2438 tempore
758 2375 867 2418 eeeum
877 2353 981 2438 ipsum
991 2348 1150 2439 [obuiam]

607 2447 787 2512 Chremem.

490 2636 592 2704 S1u0
650 2637 848 2703 Cunnuns

494 2745 585 2789 snuns
733 2747 756 2786 11

186 2825 232 2892 δι.
267 2826 368 2891 Iubet
378 2824 637 2891 Chremetem
669 2823 729 2891 Cu
749 2823 841 2890 Ote
831 2849 935 2911 rpsum
945 2825 1146 2910 quaerebam
1149 2852 1203 2902 uns

610 2918 657 2984 Sr.
675 2919 719 2984 Et
737 2941 797 3005 ego
815 2931 861 2983 te.
879 2929 988 3004 optate
1006 2919 1147 2985 aduenis.

187 3013 246 3079 Cn.
269 3013 411 3097 Aliqued
433 3035 484 3077 me
507 3012 662 3090 adierunt,
685 3014 725 3078 ex
747 3024 778 3078 te
801 3012 945 3077 auditum
962 3035 1016 3097 qm
1007 3013 1152 3092 aibant,

367 3135 369 3140 ·
609 3105 702 3172 hodie
720 3107 818 3171 tiliam

117 3219 168 3272 535
270 3201 381 3266 Meam
402 3200 522 3267 nubere
543 3211 598 3266 tuo
621 3204 732 3286 gnato:
754 3201 837 3264 id
806 3223 874 3266 mse
893 3201 967 3267 time
985 3224 1025 3265 an
1043 3202 1114 3266 illi
1105 3227 1153 3266 m·

609 3296 742 3360 saniant.

187 3391 232 3456 S1.
269 3389 424 3454 Ausculta
436 3388 559 3474 paucis.
578 3386 640 3475 [et]
655 3390 785 3475 quid
747 3412 787 3454 eo
788 3411 807 3453 ο
821 3402 852 3454 te
866 3388 961 3454 uelim
976 3392 1006 3454 et
1020 3400 1054 3454 tu
1067 3391 1152 3473 quod

610 3486 735 3567 quaeris
752 3485 843 3549 scies.

188 3578 247 3643 Cn
272 3577 442 3642 Auseirlto.
396 3576 589 3660 tloquere
607 3577 683 3660 quid
701 3577 791 3643 uelis.
1178 3595 1191 3637 n
1275 3609 1284 3632 ·,

187 3672 234 3739 S1.
269 3673 334 3736 Per
351 3673 382 3735 te
400 3671 476 3735 deos
489 3691 550 3734 oro
567 3681 599 3736 et
614 3672 754 3735 nestram
772 3670 953 3748 amicitiam,
971 3669 1135 3746 Chremes,

272 3765 366 3848 Quae
382 3764 508 3849 incepta
525 3786 544 3828 a
561 3763 669 3848 paruis
682 3785 755 3829 eum
769 3767 872 3830 aetate
890 3765 1030 3829 adcreuit
1048 3764 1152 3843 simul,

118 3878 169 3933 540
270 3861 399 3943 Perque
415 3857 541 3922 imieam
560 3860 690 3942 gnatam
708 3869 795 3922 tuam
814 3869 845 3923 et
863 3860 995 3945 gnatum
1012 3881 1129 3936 meum,

273 3953 398 4036 Quoius
415 3951 473 4017 tibi
488 3963 629 4038 potestas
647 3953 771 4017 summa
788 3953 936 4017 seruandi
953 3953 1055 4028 datur,

271 4049 316 4115 Vt
333 4071 384 4114 me
401 4046 534 4113 adiuues
551 4046 584 4112 in
600 4045 712 4113 lutere
729 4056 824 4131 atque
840 4047 885 4112 ita
902 4046 948 4111 uti
965 4046 1092 4131 nuptiae
1166 4067 1191 4108 ιι
