2618 4462
109 247 191 352 rire
562 256 718 336 urerer
1061 265 1124 332 217

244 402 339 468 Nino
354 425 406 470 me
422 402 523 489 pietas
541 401 648 467 mitris
661 401 770 511 potius
792 400 990 468 edmmodum
1012 402 1124 468 suadet

160 590 220 654 Li.
243 590 420 676 Ptmphile,
437 590 523 656 haud
539 517 699 654 indietdudd
716 589 800 654 auris
815 591 917 654 sermo
931 589 975 654 mi
992 591 1124 656 accessit

244 775 350 859 Qudm
368 788 399 843 te
416 696 735 865 postputtsidodinnis
757 799 807 842 res
827 778 904 863 prad
926 786 1056 863 parente
1076 775 1125 842 in·

245 965 366 1031 Verum
383 964 457 1030 uide
474 987 515 1030 ne
531 870 737 1075 hpilffldddiie
753 965 853 1050 prdue
873 963 1007 1041 insistas,
1028 963 1124 1028 Ptm-

122 1167 148 1208 ⁸⁵
159 1148 219 1215 ΡΑ.
249 1149 375 1232 Quibus
392 1150 447 1215 iris
469 1174 554 1217 nune
572 1059 716 1238 ildllil'didus
733 1151 869 1217 inillam
888 1151 1011 1236 iniquos
1029 1151 1107 1216 sim?
1140 1164 1192 1220 485

245 1243 337 1325 Quae
354 1243 527 1328 nimquam
545 1245 713 1330 quiequam
735 1248 812 1331 ergi
833 1267 885 1312 me
902 1245 1123 1323 commeritdst‚

169 1519 172 1525 ι
245 1432 343 1514 Quod
360 1428 485 1510 uidem,
504 1443 536 1498 et
553 1351 744 1519 seldirtdrdudd
758 1433 872 1498 uellem
886 1434 1031 1500 meritdm
1044 1432 1123 1511 seio;

243 1527 392 1609 Amdque
410 1537 441 1591 et
458 1527 552 1592 laudo
570 1538 602 1592 et
618 1527 780 1592 udmenter
800 1526 952 1593 desidero.

242 1620 327 1684 Nam
344 1619 442 1685 fuisse
459 1642 536 1706 erga
553 1642 604 1685 me
627 1622 705 1684 miro
727 1620 854 1706 ingenio
871 1623 1019 1706 expertus
1042 1644 1121 1696 sum,

120 1729 147 1772 tt
243 1713 356 1796 Illique
374 1726 488 1799 exopto
505 1724 542 1779 ut
558 1714 710 1779 relicuum
726 1713 825 1778 uitem
843 1714 950 1801 exigat
1139 1717 1192 1775 490

244 1805 328 1872 Cum
347 1807 384 1872 ed
404 1807 481 1885 uiro,
499 1829 550 1873 me
568 1810 623 1891 qui
640 1806 681 1872 sit
697 1806 894 1886 foi-tundier,

180 1986 183 1991 ,
242 1900 508 1985 Quanddquidem
526 1902 612 1967 illam
630 1926 649 1967 e
666 1924 717 1968 me
735 1903 878 1967 distrahit
891 1904 1076 1984 necessitas.

157 1996 217 2060 Pu.
240 1994 315 2060 Tibi
330 1995 365 2061 id
380 1998 414 2060 in
431 2006 556 2061 manust
572 2018 614 2063 ne
631 1996 698 2062 iiat.
742 1997 802 2061 Le.
822 1996 860 2062 si
877 1999 971 2062 samis
991 1997 1067 2063 sies:

241 2089 323 2154 Iube
339 2090 429 2189 illim¹
443 2089 554 2155 redire.
593 2091 651 2155 ΡΑ.
670 2089 740 2155 Ndn
759 2101 807 2156 est
827 2092 1001 2170 considera,
1018 2102 1121 2178 pater:

118 2200 145 2243 te
240 2183 355 2248 Matris
372 2183 497 2248 seruibo
517 2183 704 2270 edmmodis„
744 2183 806 2248 LA.
826 2185 900 2266 Quo
923 2185 1011 2251 abis?
1033 2186 1121 2251 ades:
1138 2197 1190 2252 495

242 2277 352 2355 Mane,
373 2279 517 2362 inquam:
540 2298 603 2361 quo
621 2278 709 2342 abis?
726 2315 768 2324 —
785 2278 845 2343 Pn.
864 2279 957 2361 Quae
978 2278 1056 2344 hade
1075 2289 1123 2346 est

198 2432 200 2437 .
578 2370 768 2456 pertindcia?

140 2460 218 2531 Li.
241 2463 350 2541 Dixin,
377 2463 545 2550 Phidippe,
576 2465 670 2606 hene2
682 2486 749 2530 rem
776 2465 868 2549 aegre
890 2465 1027 2530 laturum
1053 2468 1122 2532 esse

162 2668 165 2676 '
241 2651 348 2733 Quem
366 2651 492 2717 obrem
510 2662 541 2718 te
558 2580 698 2729 siaulitdire
718 2651 817 2716 filiam
835 2663 870 2717 ut
886 2655 1069 2718 remitteres.

156 2746 216 2813 Pri.
238 2745 311 2811 Non
329 2745 448 2811 credidi
465 2745 577 2832 edepol
594 2745 674 2810 tideo
691 2745 898 2811 inhumanrim
915 2747 992 2812 fore.

119 2857 144 2899 re
241 2840 291 2904 Ita
308 2839 436 2905 nilneis
454 2838 582 2904 sibime
600 2839 850 2925 sdpplicaturrim
867 2841 976 2925 putet?
1137 2854 1189 2908 500

242 2933 278 2997 Si
296 2943 344 2998 est
360 2932 396 2997 it
412 2932 489 2998 uelit
505 2933 678 2999 reddiieere
694 2934 836 3010 uxorem,
856 2934 942 3010 licet3

242 3024 300 3090 Sin
316 3024 409 3090 dliost
425 3025 541 3104 animo,
559 3028 738 3091 renumeret
757 3025 863 3091 dotem
881 3024 952 3100 hirc,
971 3036 1030 3091 eat.

155 3120 217 3185 LA.
239 3119 325 3184 Ecce
343 3120 448 3184 etitem
465 3130 501 3183 tu
518 3139 645 3202 quoque
662 3122 809 3205 prdterue
825 3120 994 3185 irecirndus
1012 3119 1059 3186 esi

155 3213 215 3277 Pu.
237 3212 469 3276 Peredntumax
486 3212 593 3278 redisti
610 3212 673 3277 hue
690 3212 791 3290 nobis,
810 3212 990 3298 Pimphilei

117 3326 143 3366 ⁶5
155 3307 216 3371 LA.
239 3305 382 3371 Decedet
399 3306 463 3371 iam
478 3306 526 3370 ira
543 3306 631 3383 haee,
649 3305 708 3370 etsi
725 3306 836 3371 merito
853 3305 950 3371 iritus
968 3317 1024 3372 est.
1135 3321 1187 3376 505

154 3399 215 3464 Pa.
238 3398 323 3479 Quia
339 3399 470 3484 patilum
486 3399 578 3464 uobis
596 3399 727 3464 decessit
744 3399 907 3484 perlinisse,

241 3493 365 3558 Subltti
382 3492 478 3557 animi
495 3505 578 3558 sunt.
622 3493 683 3558 Li.
702 3476 807 3557 Etiam
825 3515 949 3558 meeum
965 3493 1088 3580 litigas?

154 3585 215 3651 ΡΗ.
238 3585 401 3651 Deliberet
417 3585 636 3669 rendntietque
654 3586 747 3651 hodid
765 3586 851 3664 mihi,

239 3677 365 3745 Velitne
383 3703 423 3744 an
440 3702 517 3744 non:
535 3691 572 3744 ut
588 3679 652 3757 tlii,
670 3679 697 3745 si
715 3680 788 3745 huie
804 3703 868 3745 non
887 3682 944 3757 det,
964 3680 1032 3745 siet.

116 3792 142 3832 eo
155 3773 216 3836 Lr.
238 3772 405 3858 Phidippe,
424 3773 509 3850 ades,
528 3773 602 3837 audi
618 3773 736 3858 padcis.
754 3811 797 3821 -
814 3774 900 3838 abiit.
934 3775 1011 3857 quid
1028 3774 1117 3839 mea?
1134 3789 1185 3844 510

239 3866 403 3930 Postremo
420 3867 501 3931 inter
519 3888 552 3931 se
570 3868 745 3954 trinsigant
761 3867 832 3953 ipsi,
849 3867 885 3931 rit
900 3867 999 3944 lubet,

239 3958 376 4043 Quandd
393 3982 452 4026 nee
471 3970 585 4047 gnatus
607 3963 709 4046 neque
732 3960 783 4026 hie
804 3960 848 4024 mi
869 3960 1038 4048 quiequam
1060 3961 1116 4027 ob-

571 4056 757 4144 temperant,
