2618 4462
95 268 142 340 r,2
546 266 703 325 necrus
723 296 725 300 -
1046 247 1107 315 201

109 413 136 454 ιο
232 395 382 472 Amdbat,
400 404 436 459 ut
453 415 549 479 quom
566 395 725 471 mdxume,
745 402 812 457 tum
829 389 1026 476 Pamphiius,
1129 388 1180 445 115

59 486 62 492 ’
231 489 338 570 Quom
355 491 446 575 pater
462 510 594 553 uxorem
612 498 648 552 ut
665 487 761 553 ducat
777 507 866 552 orare
883 483 998 570 decipit

231 583 275 648 Et
292 581 371 647 hado
389 581 569 648 communia
586 576 728 647 dmnium
744 602 826 665 quae
843 579 917 645 sdnt
933 589 1069 663 patmum,

233 675 312 742 Sese
330 698 437 742 senem
456 698 525 742 esse
542 675 656 752 dicere,
674 674 763 739 illum
782 684 887 738 autem
905 671 1048 736 unicumz

228 769 429 835 Praesidium
445 769 528 835 uelle
546 769 580 834 se
598 770 752 835 senectuti
768 789 855 832 suae.
890 774 892 778 '

231 864 289 928 llle
307 865 408 949 primo
426 884 460 928 se
477 866 608 949 negdre3
628 863 684 928 sed
699 874 866 948 postquam
883 859 986 926 darius
1129 857 1181 912 120

230 957 328 1022 Pater
343 959 447 1034 instat,
464 956 539 1023 fecit
556 956 653 1021 inimi
671 966 706 1021 ut
722 953 860 1021 incertirs
877 954 969 1029 foret,

230 1050 371 1115 Pudorin
390 1071 471 1115 anne
489 1049 587 1116 amori
606 1049 832 1133 obsequeretur
847 1047 959 1133 magis.

232 1143 410 1208 Tundendo
428 1155 523 1227 atque
540 1144 612 1208 odio
631 1143 767 1226 denique
786 1141 891 1208 effecit
908 1163 1017 1206 senex:

232 1236 409 1323 Despdndit
427 1237 456 1302 ei
473 1250 603 1322 gnatam
621 1237 714 1301 huius
731 1235 827 1300 uicini
844 1233 998 1321 proxumi.

232 1331 341 1415 Vsque
358 1331 437 1396 illud
453 1331 588 1395 uisumst
601 1330 770 1415 Pdmphiio
786 1352 827 1394 ne
844 1329 987 1413 utiquim
1004 1348 1112 1413 graue,
1130 1327 1181 1383 125

231 1423 345 1490 Donec
362 1424 425 1488 iam
442 1424 475 1488 in
492 1423 568 1509 ipsis
585 1424 713 1510 nirptiis,
730 1426 898 1509 postqudm
916 1420 1003 1487 uidet

231 1519 364 1583 Paratas
381 1539 440 1584 nec
457 1540 577 1583 moram
595 1518 692 1582 dllam
709 1518 785 1602 quin
804 1517 899 1582 ducit
916 1516 994 1593 dari,

232 1611 282 1675 Ibi
301 1611 427 1676 ddmum
444 1612 488 1676 ita
505 1633 601 1696 aegre
618 1610 699 1690 tdlit,
717 1623 752 1676 ut
769 1611 870 1696 ipsam
888 1608 1091 1684 Bacchidem,

234 1703 271 1771 Si
288 1704 422 1782 adesset,
441 1704 535 1769 oredo
552 1704 598 1768 ibi
615 1704 683 1770 eius
700 1705 994 1770 commiseresceret.

232 1797 298 1864 Vbi
314 1798 471 1881 quomque
489 1798 598 1862 datum
616 1809 683 1863 erat
700 1798 835 1884 spitium
854 1795 1040 1872 solitudinis,
1130 1797 1181 1853 130

231 1892 277 1958 Vt
294 1892 440 1975 cdnloqui
458 1914 583 1957 mecum
601 1892 665 1957 dna
683 1903 802 1977 posset:
826 1891 1007 1968 ‘Pirmeno

233 1985 329 2063 Perii,
352 1985 430 2068 quid
447 2007 506 2071 ego
524 1986 590 2072 egii
611 1987 645 2050 in
667 1986 751 2070 qudd
770 2008 822 2051 me
840 1985 960 2050 conieci
979 1983 1111 2050 malumi

231 2079 304 2144 Non
321 2081 428 2165 potero
446 2079 528 2146 ferre
547 2080 617 2157 hoc,
634 2081 805 2146 Pdrmeno:
827 2080 906 2166 perii
923 2078 1036 2145 miser?

148 2175 206 2238 Pu.
230 2174 277 2237 At
293 2174 324 2238 td
343 2173 374 2236 di
393 2172 534 2257 deaeque
552 2172 686 2259 perdant
705 2196 777 2239 cum
794 2174 855 2239 isto
873 2173 954 2251 odio,
971 2172 1111 2239 Lachesi

110 2287 136 2326 ao
147 2269 207 2334 ΡΑ.
233 2268 279 2333 Vt
296 2266 337 2331 ad
354 2267 455 2352 patira
473 2267 610 2345 redeam,
628 2269 759 2333 uxdrem
778 2267 906 2333 deducit
922 2274 1062 2334 domum.
1130 2268 1181 2323 135

232 2361 334 2425 Nocte
350 2361 406 2424 illa
421 2360 523 2445 prima
539 2360 696 2445 uirginem
713 2383 777 2425 non
794 2361 914 2447 ittigit3

233 2453 325 2536 Quae
343 2455 539 2519 consecutast
555 2456 620 2519 ndx
637 2477 718 2532 eam,
738 2454 835 2520 nihild
852 2454 963 2540 magis.

147 2550 206 2614 Pu.
229 2547 316 2629 Quid
334 2548 401 2612 ais?
424 2569 496 2612 cum
513 2547 637 2633 uirgine
654 2549 718 2613 dna
735 2548 920 2614 adulescens
937 2548 1079 2614 cubuerit

231 2641 310 2706 Plus
327 2642 428 2726 pdtus,
448 2664 517 2706 sese
534 2641 588 2706 illa
604 2642 762 2708 dbstinere
780 2653 815 2707 ut
832 2642 986 2728 pdtueriti

110 2755 137 2796 cs
232 2734 306 2799 Non
324 2734 391 2798 ueri
409 2734 509 2800 simile
528 2734 605 2799 diois
622 2755 682 2800 nec
698 2758 810 2801 uerum
827 2737 970 2801 arbitror.
1130 2738 1181 2792 1¹10

147 2831 205 2895 ΡΑ.
234 2827 338 2893 Credo
355 2830 400 2892 ita
418 2829 519 2894 uideri
536 2829 603 2894 tibi.
637 2853 711 2894 narn
727 2853 821 2895 nemo
839 2830 880 2895 ad
897 2832 928 2895 te
945 2830 1033 2896 uenit

232 2921 302 2987 Nisi
320 2920 449 3007 cripiens
466 2922 513 2986 tui
518 2947 527 2999 ;
544 2922 597 2988 ille
615 2923 733 2988 inuitus
750 2923 836 2989 illam
854 2924 996 2989 ddxerat.

148 3018 209 3082 Pu.
232 3015 319 3096 Quid
338 3015 451 3081 deinde
468 3016 523 3080 fit?
555 3016 615 3080 ΡΛ.
633 3016 758 3082 Diebus
776 3040 852 3082 sane
869 3018 1011 3103 pauculis

232 3109 312 3174 Post
327 3108 514 3195 Pamphilus
533 3132 583 3175 me
601 3111 701 3175 solum
719 3111 840 3176 seducit
857 3112 943 3176 foras

111 3224 136 3266 ro
232 3203 420 3286 Narrdtque,
438 3214 474 3267 ut
491 3203 582 3287 uirgo
601 3204 641 3268 ab
660 3226 693 3268 se
709 3205 833 3289 integra
851 3204 1024 3269 etiamtum
1043 3205 1111 3283 siet,
1129 3208 1180 3263 145

234 3296 340 3379 Seque
356 3298 429 3360 ante
446 3317 542 3380 quam
560 3319 630 3362 eam
647 3297 776 3362 uxdrem
795 3297 934 3364 duxisset
952 3299 1091 3377 domum,

234 3387 386 3475 Sperisse
404 3413 457 3455 eas
475 3390 608 3456 tolerare
624 3412 719 3475 posse
735 3391 870 3477 nuptias.

233 3482 314 3548 ‘Sed
332 3485 427 3567 quim
446 3482 597 3549 decrerim
615 3484 666 3549 me
682 3507 746 3550 non
763 3507 855 3571 posse
873 3485 990 3552 diutius

232 3577 372 3654 Habere,
391 3599 460 3642 eam
477 3577 613 3642 ludibrio
630 3577 750 3657 haberi,
766 3579 934 3657 Pdrmenm

111 3690 137 3731 aa
234 3670 346 3752 Neque
364 3670 528 3734 honestum
548 3670 625 3734 mihi
642 3694 744 3756 neque
761 3671 837 3737 ritile
854 3672 915 3758 ipsi
932 3672 1086 3757 uirginist,
1130 3676 1180 3730 151

114 3784 140 3826 rt
234 3761 321 3844 Quin
338 3765 493 3850 integram
511 3763 619 3830 itidem
640 3765 781 3843 rdddam,
803 3777 838 3831 ut
860 3767 967 3852 accepi
985 3769 1005 3830 a
1021 3768 1111 3833 suis'.
1131 3776 1182 3830 150

148 3856 209 3920 ΡΗ.
231 3856 327 3919 Pium
344 3859 382 3921 dc
400 3857 549 3942 pudicum
566 3858 728 3944 ingenium
745 3882 853 3923 narras
870 3858 1038 3945 Pamphili.

149 3951 208 4014 ΡΑ.
236 3949 323 4014 ‘Hoc
340 3950 400 4037 ego
417 3951 555 4035 proferre
572 3952 804 4016 incommodum
822 3953 865 4016 mi
883 3976 951 4019 esse
963 3954 1109 4032 drbitr0r3

235 4042 339 4108 Reddi
356 4044 438 4129 patri
456 4055 573 4122 autem,
592 4046 666 4130 quoi
682 4056 717 4110 tu
735 4046 778 4110 nil
796 4046 882 4112 diets
899 4045 967 4125 uiti,
