2618 4462
101 284 189 353 *luc
568 285 718 342 ANDRIA
1079 267 1119 334 37

160 407 228 471 Mu.
247 404 350 473 Orere
374 407 478 485 iussit,
503 409 530 473 si
556 430 590 473 se
616 431 717 485 ames,
743 430 810 486 era,
836 408 899 472 iem
924 417 960 472 ut
985 406 1027 472 ad
1052 428 1120 471 sese

579 502 703 567 uenias:

134 611 149 653 ὅ
244 595 361 662 Videre
375 604 463 661 aitte
477 596 600 681 cupere.
633 593 693 661 Pe.
716 595 800 673 Vah,
819 595 911 681 perii:
929 594 989 660 hdc
1002 594 1121 661 malum

580 690 771 774 integrescit.

245 781 352 850 Sicine
376 806 428 849 me
453 794 548 867 atquc
573 783 658 848 ilium
685 786 780 868 operi
805 795 860 849 tue
884 806 970 849 nunc
990 785 1120 848 miseros

581 876 753 943 sollicitari!

244 969 326 1035 Nem
348 970 464 1036 idcirco
486 992 643 1049 accersor,
664 970 790 1057 nuptiae
807 970 892 1055 qnod
910 971 953 1034 mi
974 970 1120 1055 edpereri
1137 983 1189 1038 690

580 1064 686 1130 sensit.

161 1154 220 1222 Cu.
244 1155 370 1238 Quibus
392 1157 520 1241 quidem
541 1179 637 1242 quem
659 1158 752 1224 facile
771 1160 917 1244 pdtueret
938 1156 1071 1242 quiesci,
1093 1157 1121 1221 si

581 1251 632 1318 hic
649 1251 800 1337 quiesseti

159 1341 222 1406 DA.
241 1343 325 1429 Age,
347 1343 375 1409 si
396 1343 448 1410 hic
468 1366 534 1411 non
553 1345 669 1411 insanit
686 1346 762 1411 satis
780 1368 838 1411 sua
854 1345 977 1431 spdntc,
993 1344 1118 1429 instiga.

579 1439 647 1504 Mn.
672 1440 781 1524 Atque
798 1439 910 1524 edepol

121 1548 148 1588 10
243 1529 293 1595 Ea
306 1532 355 1596 res
369 1542 427 1609 est,
439 1536 667 1619 propterecque
681 1554 765 1599 nunc
778 1532 1119 1601 miserammaerorest.

579 1625 639 1692 ΡΛ.
667 1626 782 1712 Mysis,

241 1718 306 1784 Per
331 1721 432 1784 omnis
458 1719 516 1785 tibi
537 1719 648 1785 edinrd
671 1720 745 1786 deos
776 1741 950 1804 numquam
978 1721 1048 1785 edm
1070 1742 1121 1786 me

580 1814 785 1891 descrtdrnm,

243 1904 327 1983 Non,
345 1909 372 1972 si
389 1907 561 1992 capiundos
578 1907 655 1972 mihi
673 1908 770 1974 sciam
783 1930 852 1974 esse
864 1907 1007 1973 inimicos
1020 1908 1121 1973 omnis
1138 1922 1190 1977 695

572 2001 724 2068 hdmines.

243 2093 338 2159 Hauc
362 2094 407 2158 mi
431 2096 584 2180 cxpetiui:
616 2095 762 2183 cdntigit3
788 2095 979 2161 conueniunt
1004 2118 1120 2161 mores:

572 2189 699 2255 udleant

244 2279 310 2362 Qui
331 2280 412 2347 inter
433 2303 491 2347 nos
513 2282 678 2348 discidium
700 2283 826 2348 uolunt:
853 2283 934 2349 hanc
955 2283 1015 2349 nisi
1036 2305 1121 2348 mors

579 2377 623 2441 mi
640 2378 757 2443 adimet
774 2380 876 2443 nemo.

122 2485 147 2524 ιι
160 2466 228 2530 Mu.
246 2467 418 2553 Resipisco.
454 2469 514 2534 Pu.
532 2471 606 2536 Non
619 2470 777 2557 Apdllinis
789 2472 890 2558 magis
904 2473 1015 2536 uerum
1028 2482 1122 2556 atquc

580 2564 641 2630 hoc
658 2567 883 2650 respdnsumst.

246 2653 281 2719 Si
312 2656 426 2741 puerit
455 2657 537 2735 fieri,
573 2672 608 2723 ut
641 2661 682 2723 nd
712 2671 803 2744 peter
831 2682 888 2745 per
918 2661 969 2725 me
999 2659 1121 2724 stetisse

581 2752 698 2830 credet,

245 2840 319 2922 Quo
340 2843 444 2908 minue
465 2843 544 2910 hacc
564 2845 675 2911 fierent
696 2846 834 2931 ndptice,
856 2844 943 2922 uold;
966 2845 1021 2911 eed
1044 2845 1071 2909 si
1088 2845 1121 2910 id
1138 2857 1189 2911 700

236 2950 237 2953 ’
580 2959 643 3003 ιιοιι
661 2939 785 3024 putent,

244 3028 283 3093 Id
300 3027 424 3108 iccium,
442 3030 474 3095 in
492 3033 623 3117 procliui
641 3032 725 3116 quod
743 3047 800 3110 est,
818 3056 875 3119 per
887 3035 938 3098 me
951 3034 1073 3099 stetisse
1086 3047 1122 3099 ut

581 3126 696 3192 credet.

236 3213 318 3297 Quis
351 3216 479 3283 uideor?
535 3217 595 3283 Cn.
638 3219 753 3296 Miser,
787 3243 887 3304 aeque
921 3223 1016 3306 ecque
1050 3244 1120 3308 ego.

580 3312 643 3378 De.
679 3311 855 3378 Consilium
885 3335 1013 3398 quaero.
1066 3317 1119 3381 Pu

579 3405 698 3472 Fdrtisi

120 3516 147 3557 ιο
244 3495 328 3575 Scio,
346 3497 430 3580 qudd
447 3519 576 3565 couerc.
588 3547 615 3565 ..
650 3501 714 3566 Du.
737 3503 810 3565 Hoc
828 3504 887 3588 ego
905 3501 962 3568 tibi
979 3504 1120 3589 profecto

578 3594 725 3659 effectum
743 3595 884 3660 reddam.

158 3683 218 3748 ΡΑ.
240 3684 533 3771 Icmhocdpusest.
559 3686 623 3752 Du.
642 3687 729 3770 Quin
743 3689 804 3752 iam
815 3690 926 3755 hebed.
954 3688 1014 3756 Cn.
1033 3689 1120 3772 Quid

579 3781 644 3846 cst?
671 3781 733 3846 [u.
751 3781 847 3860 Huic,
861 3784 924 3848 ndn
936 3783 995 3848 tibi
1007 3785 1119 3864 habeo,

576 3896 616 3939 ne
634 3875 727 3940 erres.

161 3959 220 4028 Cn.
244 3959 301 4029 Set
323 3962 434 4030 hdbeo.
481 3963 541 4030 Pi.
568 3965 655 4048 Quid
677 3969 793 4033 facies?
818 3969 904 4034 cedo.
953 3975 1012 4038 Du.
1040 3973 1187 4048 Dic1705

581 4061 632 4126 hic
648 4062 693 4127 mi
709 4076 746 4129 ut
761 4063 837 4129 satie
854 4064 904 4142 sit,
922 4067 1033 4135 uereor
