2618 4462
109 250 176 324 11‚1
549 246 723 307 enomno
1059 235 1118 303 161

122 393 148 434 as
160 376 220 439 Pn.
243 373 373 441 Saludm
386 372 515 440 uenire.
531 421 539 438 .
574 373 637 439 Dn.
657 371 775 451 Crdd03
790 374 851 439 hoa
863 374 1018 460 respondd
1031 373 1117 438 mihi.
1136 378 1188 436 265

159 471 218 534 ΡΗ.
240 470 345 546 Valet,
364 467 415 534 hie
433 479 494 545 est3
512 468 569 533 sed
586 469 667 534 satin
685 469 791 533 dmnia
807 490 847 534 ex
865 466 1036 534 sentdntia?

160 563 222 627 Ds.
241 564 366 629 Vellem
383 562 521 646 quidem.
556 562 616 626 ΡΗ.
635 561 723 642 Quid
739 562 820 627 istie
837 564 903 628 est?
936 561 999 626 Dn.
1020 560 1120 648 Rogi-

580 667 638 731 tas,
654 655 831 721 Phaedria?

245 751 352 814 Bonas
369 772 421 815 me
438 749 568 816 absente
586 748 637 815 hie
654 749 831 816 ednfeaistis
848 750 984 836 niptias.

158 844 218 907 Pn.
240 843 326 920 Eho,
353 867 394 909 an
413 843 449 907 id
470 865 633 909 suscenses
654 843 738 908 ndne
758 843 823 909 illi?
868 841 928 912 Gn.
955 842 1118 908 Artificem

580 937 730 1023 probumi

120 1048 145 1088 ³0
159 1030 220 1095 Dn.
239 1030 334 1117 Egon
350 1030 396 1095 ssli
413 1051 477 1095 non
493 1032 713 1097 suscenseam?
727 1032 833 1116 ipsum
851 1031 951 1118 gdstio
1136 1035 1188 1090 260

243 1124 324 1188 Dari
341 1124 385 1188 mi
401 1126 434 1188 in
452 1136 665 1210 conspectum,
682 1126 767 1190 mine
784 1148 842 1191 sua
859 1125 953 1211 eulpa
968 1125 1005 1188 tit
1022 1125 1099 1189 sciat

243 1218 364 1283 Lendm
383 1228 504 1304 patrem
522 1220 611 1284 illum
628 1219 748 1284 fantum
765 1241 817 1284 me
830 1241 899 1284 esse
912 1219 1119 1284 acdrrumum.

158 1312 217 1376 Pn.
241 1313 342 1396 Atqui
358 1310 539 1389 nihilfecit,
556 1314 679 1397 pdtrue‚
697 1313 784 1396 quod
801 1314 993 1378 suscenseas.

159 1405 221 1470 Da.
240 1406 326 1471 Eece
344 1406 451 1472 aitem
469 1405 583 1470 similia
599 1407 717 1471 dmnia!
735 1428 844 1472 omnes
862 1408 1050 1493 edngruont:

120 1517 145 1557 ³⁵
242 1501 349 1566 Vndm
368 1521 464 1584 quom
481 1500 576 1577 noris,
593 1500 693 1565 dmnis
710 1500 805 1566 noris.
842 1501 1188 1566 Pn.Ha1iditast.265

158 1592 220 1657 Da.
242 1594 355 1658 Hicin
373 1594 506 1670 ndxiast,
523 1592 576 1659 ille
593 1594 635 1659 dd
653 1594 816 1659 dicendam
833 1596 960 1660 emisam
979 1595 1081 1673 adest;

244 1685 349 1766 Quom
363 1687 456 1764 illest,
469 1686 520 1752 hie
533 1698 701 1773 praestost:
719 1688 847 1753 trddunt
859 1709 971 1775 operas
983 1690 1119 1753 mdtuas.

159 1779 218 1845 Gn.
242 1781 347 1846 Probe
365 1782 477 1845 hdrnm
494 1782 578 1846 faeta
594 1780 765 1867 inprddens
783 1782 923 1867 depinxit
940 1804 1046 1848 senex.

157 1875 220 1940 Dn.
239 1875 322 1939 Nam
347 1874 382 1940 ni
407 1874 486 1940 hade
510 1875 554 1940 ita
580 1887 694 1951 essent,
721 1897 794 1941 enm
818 1877 872 1941 illo
898 1876 985 1941 haud
1010 1887 1118 1955 stares,

576 1966 743 2034 Phaedria.

119 2081 145 2120 4⁰
158 2064 216 2129 ΡΗ.
251 2062 287 2129 Si
313 2074 374 2140 est,
405 2064 530 2148 pdtrue,
561 2063 687 2148 eulpam
716 2075 752 2128 nt
777 2045 919 2150 dntipho
944 2064 977 2129 in
1003 2087 1038 2130 se
1063 2065 1120 2130 ad·
1135 2075 1188 2132 270

578 2157 706 2234 miserit,

242 2251 294 2315 Ex
315 2251 379 2334 qud
400 2272 435 2316 re
457 2249 560 2314 minus
577 2250 622 2315 rei
640 2250 720 2316 fdret
737 2263 791 2316 aut
808 2251 911 2318 famae
929 2253 1117 2339 temperans,

241 2343 315 2408 Non
332 2345 460 2409 eadsam
478 2343 547 2408 dieo
566 2346 641 2428 quin
658 2345 745 2428 quod
761 2346 890 2410 meritus
908 2346 1054 2412 sitierat.

242 2438 308 2504 Sed
326 2439 352 2501 si
369 2437 440 2522 quis
458 2437 539 2502 forte
557 2437 676 2502 malitia
691 2438 790 2504 fretils
808 2461 866 2504 sua

241 2531 376 2596 Insidias
393 2541 519 2596 nostrae
537 2531 612 2596 fecit
629 2531 860 2598 adulescentiae

119 2643 145 2683 45
242 2627 292 2689 Ac
309 2625 395 2701 uicit,
412 2640 541 2689 nostran
558 2624 652 2710 etilpa
669 2637 736 2690 east
753 2649 793 2690 an
809 2626 960 2704 iddicum,
1133 2638 1185 2696 27⁶

242 2717 307 2800 Qui
325 2718 418 2803 saepe
435 2730 564 2804 propter
578 2718 729 2783 inuidiam
747 2719 888 2785 adimunt
905 2719 995 2785 diuiti

241 2815 309 2877 Aut
325 2813 451 2898 prdpter
467 2812 710 2877 miseriedrdiam
728 2812 848 2878 addunt
865 2813 1015 2900 padperi?

159 2905 220 2973 Gn.
239 2906 282 2969 Ni
298 2906 422 2972 ndssem
440 2927 578 2982 eausam,
595 2906 754 2972 crederem
771 2929 848 2973 uera
864 2906 949 2972 hiena
965 2907 1061 2992 loqui.

158 3000 218 3064 De.
242 3002 297 3064 An
314 3002 482 3084 quisquam
498 2999 594 3065 iudex
611 3001 669 3077 est,
687 3001 742 3082 qui
759 3001 857 3085 possit
874 3001 1024 3089 miseere,

120 3112 145 3154 ⁶0
241 3094 313 3159 Tua
329 3095 421 3170 dista,
439 3092 495 3157 ubi
512 3103 579 3159 tute
595 3093 729 3159 uerbum
746 3116 810 3159 non
827 3094 1027 3181 respdndeas‚
1132 3100 1184 3155 280

243 3189 293 3252 Ita
309 3198 345 3251 ut
360 3187 413 3252 ille
430 3186 524 3252 feeit?
556 3187 615 3251 Pn.
642 3187 784 3252 Ftinetus
801 3188 1059 3255 adulescentulist

242 3279 395 3345 Officium
412 3278 562 3345 liberalis:
580 3291 746 3366 postquam
765 3281 805 3345 ad
822 3281 940 3347 isidiees

243 3375 420 3451 Venttimst,
437 3394 500 3438 non
517 3372 619 3458 potuit
637 3373 773 3460 edgitata
788 3376 930 3461 prdloqui
935 3401 944 3453 3

243 3469 292 3533 Ita
310 3468 382 3533 etim
400 3479 467 3532 tum
485 3466 629 3532 timidum
640 3467 915 3554 illieobstupefecit
932 3469 1044 3554 pudor.

119 3581 145 3622 ss
159 3561 220 3628 Gn.
243 3562 356 3626 Laudo
391 3561 484 3626 hana.
532 3562 589 3628 sed
618 3583 706 3626 cesso
740 3561 826 3629 adire
856 3584 951 3649 quam
981 3563 1116 3648 primdm
1134 3568 1185 3622 285

576 3656 702 3720 senem?

241 3750 316 3827 Ere,
334 3749 435 3814 sdlue:
454 3748 574 3814 saluom
587 3760 618 3813 te
631 3749 798 3814 {aduenisse
810 3749 943 3836 gaddeo.
971 3748 1033 3812 Dn.
1052 3745 1116 3825 Oh,

242 3846 331 3909 Bone
349 3845 465 3920 mistos,
483 3842 581 3919 salue,
599 3843 742 3907 cdlumen
759 3865 836 3907 uero
854 3843 1002 3919 familiae,

243 3938 327 4019 Quoi
345 3936 563 4002 edmmendaui
580 3936 682 4000 filium
699 3935 772 4001 hino
789 3936 898 4001 abiens
916 3959 1031 4001 meum.

160 4030 219 4098 Ga.
243 4033 312 4096 Iam
330 4031 450 4097 didam
467 4041 498 4098 te
516 4030 617 4095 omnis
634 4030 690 4096 nds
709 4052 855 4111 accusare
874 4029 967 4095 addio

213 4134 327 4179 rat-antae.
918 4130 951 4187 ll
