2618 4462
109 223 406 328 usas·

123 396 177 437 Μ’

538 252 747 312 uvuvcflvs
1060 240 1123 307 111

224 371 418 463 Quidquid
440 376 562 455 dicunt,
589 376 703 454 laudm
732 375 766 440 id
795 398 919 441 rursum
920 378 972 442 si
995 386 1124 463 negant,

582 470 677 536 laudo
693 471 727 535 id
744 491 884 554 quoque3

160 614 162 619 -
247 566 354 653 Negat
375 564 461 650 quia:
486 586 585 651 nag03
617 573 673 630 a'r‘t:
699 563 763 641 ai03
790 567 947 650 postremo
970 564 1124 651 imperaui

581 659 707 744 egomet
724 656 801 723 mihi

247 730 367 847 Omnia
393 751 569 851 adsentari.
604 752 632 818 is
661 763 811 837 quaestus
840 753 925 818 mino
950 762 998 818 est
1023 751 1123 819 multo

582 844 783 911 uberrimus?

160 940 220 1006 Ρι.
244 939 367 1039 Scitum
384 939 490 1006 berole
506 938 679 1005 bominem!
698 939 749 1005 hio
766 938 908 1006 hominos
920 962 1063 1026 prorsum
1082 963 1121 1006 ex

475 1055 478 1059 ·
582 1032 685 1098 stultis
702 1034 829 1099 insanos
846 1033 932 1099 facit.
1029 1076 1032 1094 ,

162 1126 224 1194 Gn.
246 1128 336 1193 Dum
361 1128 441 1194 haeo
465 1127 635 1211 loquimur,
648 1127 780 1193 interea
805 1127 866 1193 loci
891 1126 933 1192 ad
955 1127 1122 1193 macellum
1138 1131 1190 1186 255

545 1220 637 1287 ubi
655 1221 899 1300 adueuttmus,

246 1291 446 1381 Concurrunt
467 1315 542 1381 laeti
563 1338 608 1380 mr
597 1314 753 1379 obuiam
770 1315 985 1401 cuppedinarii
1003 1316 1121 1393 omnes,

245 1407 374 1487 cetarii,
391 1409 476 1487 lanii,
495 1409 598 1492 ooqui,
617 1409 760 1486 fartores,
777 1410 958 1495 piscatores,

244 1501 371 1586 Quibus
394 1505 426 1569 et
447 1525 481 1568 re
503 1503 593 1567 salua
614 1511 646 1567 et
663 1502 785 1588 perdita
801 1503 982 1589 profueram
1002 1514 1034 1567 et
1050 1525 1122 1588 pro·

582 1619 652 1661 sum
670 1598 778 1681 saepe

245 1688 407 1770 Salbtant,
436 1690 478 1756 ad
508 1693 618 1756 senam
643 1700 778 1769 uooant,
812 1690 984 1756 aduentum
1014 1700 1122 1776 gratu·

580 1785 743 1850 lentur.

121 1896 125 1915 ¹
162 1876 167 1885 ’
243 1878 302 1945 Ille
317 1878 375 1944 bbi
391 1878 486 1945 miser
502 1878 666 1944 famelicus
683 1877 770 1944 uidet
786 1901 830 1942 mr
820 1879 917 1943 asse
930 1889 1051 1943 tantum
1065 1879 1121 1943 ho·
1137 1883 1189 1939 260

581 1975 701 2050 norem,

165 2084 168 2091 '
243 2067 324 2132 Tam
337 2067 431 2133 facile
444 2067 565 2132 uictum
578 2069 742 2150 quaerere:
757 2062 832 2152 [ibi]
846 2064 941 2130 bomo
954 2067 1057 2152 coepit
1069 2089 1121 2131 me

515 2210 518 2216 r
581 2161 757 2237 obsecrare,

164 2277 167 2283 ·
244 2257 289 2320 Vt
306 2255 366 2319 sibi
384 2256 490 2321 liceret
509 2254 628 2320 discere
645 2254 678 2318 id
696 2254 735 2318 de
753 2254 817 2319 me:
836 2253 1052 2332 sestariir'rssi,

244 2348 278 2416 Si
290 2349 378 2434 potis
396 2360 454 2426 est,
472 2359 634 2432 tamquam
651 2347 908 2433 philosophorum
926 2346 1044 2413 habent
1058 2348 1120 2412 dis-

578 2442 712 2527 ciplinae
730 2464 770 2506 ex
786 2442 862 2526 ipsis

242 2537 416 2612 Vocibula,
434 2536 590 2623 parasiti
582 2551 626 2601 ιιι
642 2548 678 2601 ut
696 2534 890 2601 Gnathonici
907 2538 1068 2601 uooentur.
1189 2566 1191 2570 ·

122 2627 216 2697 Pi.
239 2632 344 2699 Viden
362 2631 460 2733 otium
478 2641 509 2696 et
496 2631 612 2695 tcibus
626 2629 702 2714 quId
715 2629 792 2695 facit
805 2629 944 2695 alienus?
971 2628 1034 2697 Gn.
1055 2630 1189 2700 Sedasa

116 2838 144 2880 ³⁶

242 2820 295 2884 Ad
313 2818 469 2884 Thaidem
491 2726 756 2977 hanceiidpoibz
768 2822 800 2883 et
821 2820 933 2904 rogare
951 2817 992 2883 ad
1010 2840 1120 2884 cenam

577 2923 613 2977 ut
630 2936 652 2977 u
672 2913 750 2976 niat.

162 3042 168 3048 ·
241 3006 307 3074 Sed
322 3007 556 3072 Parmenonem
573 3017 646 3072 ante
669 3007 784 3072 ostium
805 3007 859 3072 boo
879 3007 978 3072 arture
999 3007 1120 3073 tristem

576 3101 669 3165 uideo

240 3196 360 3261 Riualis
379 3217 517 3261 seruom:
535 3195 625 3352 salfua
641 3148 692 3260 reb
710 3205 767 3261 est.
798 3196 831 3259 ni
847 3195 962 3259 mirum
976 3194 1118 3262 homines
1189 3214 1192 3219 ·

591 3291 703 3374 rigent.

122 3412 124 3417 ¹
163 3427 166 3434 -
239 3383 440 3448 Nebulonem
456 3382 541 3448 huuc
556 3394 706 3447 certumst
718 3382 836 3448 ludere.
866 3381 926 3447 Pu.
946 3382 1044 3448 Hisce
1057 3383 1117 3448 hoo

577 3477 707 3540 munere
726 3476 916 3540 arbitrantur

239 3570 338 3636 Suam
360 3569 515 3634 Thaidem
537 3592 616 3635 esse.
661 3567 723 3635 Gn.
752 3568 895 3633 Plurima
917 3569 1017 3634 solite
1038 3570 1118 3634 Par·
1134 3577 1186 3634 270

576 3665 742 3728 menonem

239 3757 407 3824 Summum
436 3779 527 3822 suom
553 3757 679 3842 inpertit
707 3756 844 3821 Gnatho.
888 3755 964 3840 quid
994 3757 1117 3844 rigitur?

574 3850 635 3915 Pr.
658 3848 776 3915 Statur.
822 3849 883 3915 Gn.
902 3850 1014 3917 Video.

238 3943 323 4010 Num
346 3944 423 4028 quid
449 3967 522 4008 nam
544 3944 599 4009 hia‘
617 3945 702 4027 quod
723 3944 804 4009 nolis
825 3945 933 4009 uides?
974 3944 1035 4010 Pr.
1058 3945 1115 4010 Te.

576 4036 636 4105 Gn.
654 4036 772 4116 Cred03
788 4050 820 4104 at
831 4061 908 4103 num
923 4039 999 4124 quid
1011 4039 1116 4105 aliud?
