2618 4462
542 273 746 336 EVNVOHVB

472 1072 804 1160 Puouocvsss
941 1030 944 1037 ¹

200 1307 237 1376 Si
253 1311 461 1395 quisquamst,
478 1311 533 1397 qui
550 1311 676 1398 placere
693 1334 727 1378 se
745 1312 871 1379 studuit
888 1313 980 1381 bonis

198 1410 306 1496 Quam
322 1412 464 1499 plurimis
482 1424 514 1479 et
530 1416 670 1480 minume
687 1416 803 1481 multos
819 1416 955 1496 laedere,
980 1444 983 1456 ¹

197 1515 237 1581 In
253 1514 303 1580 his
319 1520 413 1602 polita
430 1514 481 1582 hic
497 1517 613 1582 ndmeu
630 1517 794 1603 profitetur
811 1539 916 1584 suom.-

197 1617 282 1684 Tum
299 1617 414 1702 siquis
430 1628 488 1696 est,
506 1618 562 1703 qui
578 1618 697 1686 dictum
713 1619 747 1685 in
764 1642 799 1687 se
815 1619 1035 1691 inclementius
1139 1609 1141 1614 ’

196 1719 413 1786 Existumauit
428 1723 508 1799 isse,
527 1720 573 1788 sio
590 1722 767 1800 existumet,
1151 1725 1170 1781 ⁵

195 1823 406 1909 Respdnsum,
423 1844 487 1889 non
504 1823 623 1889 dictum
640 1825 720 1901 esse,
737 1824 812 1910 quia
827 1825 919 1893 laesit
934 1826 1029 1915 prior,

177 1933 180 1936 ’
197 1924 362 2008 Quibdne
379 1925 584 1992 uortendo'et
601 1925 728 1992 eisdem
745 1927 912 2001 scribendi
929 1929 1012 2023 male

115 2060 118 2067 =
196 2027 248 2093 Ex
267 2027 397 2094 Grascis
414 2028 506 2094 bonis
522 2027 655 2093 Latinas
672 2027 748 2095 iecit
764 2031 827 2096 ndn
845 2029 952 2097 bonas.

196 2130 287 2197 Idem
303 2130 475 2196 Menandri
491 2128 632 2195 Phdsma
650 2127 765 2217 [nunc]
783 2154 884 2217 nuper
895 2134 1035 2220 pirdidit

195 2234 304 2317 Atque
319 2234 354 2298 in
370 2233 556 2299 Thensauro
573 2233 707 2318 scripsit,
726 2255 854 2298 causum
872 2234 976 2301 dicere
1133 2243 1167 2299 10

194 2335 289 2402 Prius
305 2334 391 2401 unde
407 2335 533 2422 petitur,
551 2335 745 2418 uirumque
762 2358 796 2401 re
814 2338 853 2401 sit
871 2359 971 2415 suom,

195 2435 302 2521 Quam
318 2436 383 2502 illic
399 2437 454 2522 qui
471 2437 560 2525 petit,
577 2436 662 2502 unde
679 2439 706 2502 is
724 2437 765 2502 sit
782 2437 969 2504 thensaurus
986 2440 1047 2506 sibi

193 2541 264 2605 Aut
279 2540 364 2606 rinde
380 2538 415 2604 in
431 2539 568 2626 patrium
585 2541 826 2606 munumentum
841 2542 1029 2627 peruenerit.

193 2640 320 2708 Dehinc
337 2644 378 2708 ne
394 2641 562 2707 frustretur
577 2640 646 2728 ipse
664 2665 698 2707 se
715 2653 770 2707 sut
787 2641 832 2707 sic
850 2642 968 2730 odgitet

194 2745 388 2811 ‘Defunctus
404 2743 468 2809 ianr
486 2764 567 2822 sum,
585 2743 629 2808 nil
646 2752 694 2810 est
711 2745 797 2828 quod
815 2744 898 2810 dicit
915 2745 1020 2814 mihi':
1130 2749 1165 2807 15

192 2847 227 2914 Is
243 2869 284 2913 ne
300 2848 384 2913 ‹irret
400 2867 514 2912 moneo
532 2856 564 2913 et
581 2845 704 2911 desinat
719 2848 881 2912 lacessere

193 2948 308 3016 Habeo
325 2948 388 3014 iiia
403 2948 513 3026 multa,
531 2950 612 3033 quae
629 2970 714 3013 nuuc
732 2948 969 3027 condonabitur,

192 3051 286 3134 Quae
303 3050 503 3136 prdferentur
518 3052 600 3136 post,
619 3050 646 3115 si
662 3061 774 3137 perget
790 3051 926 3129 laedere,

191 3155 243 3219 Ita
259 3164 295 3218 ut
311 3153 417 3219 facere
433 3152 575 3218 instituit.
610 3155 705 3236 quim
723 3175 807 3218 nunc
825 3156 925 3219 acturi
941 3178 1049 3220 sumus

191 3254 361 3321 Menandri
376 3254 580 3332 Eunuchum,
598 3256 765 3340 postquam
782 3256 900 3322 aediles
917 3259 1069 3336 emerunt,
1127 3262 1163 3318 20

190 3357 331 3424 Perfecit
347 3357 408 3423 sibi
424 3370 460 3425 ut
476 3356 665 3443 inspiciundi
682 3369 764 3422 esset
781 3357 880 3443 copia.

189 3459 399 3547 Magistratus
416 3481 512 3545 quom
530 3459 575 3525 ibi
592 3459 726 3537 adisset,
744 3462 905 3545 occeptdst
922 3460 984 3549 agi

192 3561 359 3627 Excldmat
375 3563 488 3640 furem,
505 3563 570 3627 non
587 3565 712 3646 politam
729 3560 870 3625 fibulam

190 3661 328 3730 Dedisse
344 3674 376 3729 et
392 3664 438 3729 nil
455 3663 579 3729 dedisse
595 3663 764 3728 uerborum
783 3675 902 3728 tamen:

192 3763 341 3831 Colacem
359 3767 427 3832 isse
444 3765 548 3831 Naeui
565 3777 596 3830 et
612 3765 730 3842 Plauti,
755 3777 893 3830 ueterem
910 3765 1066 3845 fibulam3
1125 3775 1160 3831 25

189 3866 325 3933 Parasiti
343 3889 509 3953 personam
526 3867 599 3932 inde
617 3867 754 3931 ablatam
772 3878 804 3932 et
820 3867 936 3933 militis.

191 3968 228 4035 Si
244 3968 279 4035 id
295 3970 343 4034 est
360 3981 535 4057 peccatum,
552 3970 717 4055 peccatum
733 3969 962 4054 inprudentiast

187 4068 321 4153 Potes,
337 4092 402 4141 non
418 4091 483 4161 quo
499 4070 618 4141 furtum
636 4071 740 4138 facero
757 4070 919 4140 stdduerit
