2618 4462
181 231 245 296 224
585 241 741 301 HEOYRA
1117 244 1200 319 1V,-4

181 369 235 434 Pa
260 366 399 433 Mutetio
416 366 460 434 lit.
495 367 552 433 Pu.
569 351 619 433 Ea
635 387 694 432 uos
705 367 884 453 perturbet,
902 367 1038 435 Laches.

181 462 241 526 ΡΑ.
268 461 357 525 Dum
374 462 414 527 ne
431 459 612 538 redducam,
630 460 758 526 tiubent
774 483 866 547 porro
885 465 981 545 quem
1003 461 1112 529 uelint.

113 570 164 626 aen
181 555 241 621 Pu.
264 553 346 640 Ego,
363 552 541 639 Pemphile,
560 576 629 621 esse
646 554 813 632 internos,
831 554 858 618 si
875 556 942 621 fieri
958 566 1072 641 potest,

266 647 477 713 Adfinitatem
494 646 576 713 hanc
593 649 668 712 sene
685 650 870 732 perpetuem
887 649 976 727 uolo;

265 741 323 807 Sin
339 743 388 806 est
404 751 439 805 ut
457 740 546 806 aliter
563 741 619 805 tim
634 744 694 805 iata
712 744 752 805 sit
764 741 929 818 sententia,
1160 759 1187 802 nc

265 833 413 921 Accipias
430 856 573 921 puerum.
612 831 673 898 ΡΑ.
691 831 799 900 Sensit
815 835 988 921 peperisse:
1010 834 1123 900 decidi.

180 928 242 995 LA.
263 929 422 994 Puerdm?
451 949 547 1012 quem
572 928 724 1013 puerum?
762 928 823 993 Pu.
849 928 952 995 Netus
978 939 1025 994 est
1051 928 1144 994 nobis

602 1043 711 1106 nepos

71 1140 73 1143 ·
112 1117 164 1187 640
264 1116 348 1181 Nam
365 1113 502 1180 abducta
519 1137 540 1179 a
560 1114 651 1180 uobis
668 1116 824 1201 praegnas
841 1116 945 1182 fuerat
961 1115 1038 1194 fllia,

264 1210 377 1293 Neque
391 1207 490 1274 fuisse
502 1221 706 1294 praegnatem
719 1209 870 1292 umquam
883 1220 957 1276 ante
969 1210 1053 1275 hunc
1066 1209 1145 1275 sciui

604 1301 698 1366 diem.

180 1399 241 1463 Lu.
264 1399 363 1473 Bene,
380 1399 425 1461 lta
442 1419 493 1462 me
511 1396 543 1461 di
560 1412 676 1475 ament,
693 1395 830 1474 nentias,
849 1408 880 1462 et
897 1398 1022 1484 gaddeo
1157 1417 1184 1458 ac

263 1492 382 1557 Natum
414 1491 503 1555 illum
537 1501 569 1555 et
600 1489 658 1556 tibi
688 1490 774 1555 illam
805 1492 937 1558 seluam.
980 1491 1037 1557 sed
1066 1491 1144 1576 quid

601 1583 740 1649 mulieris

263 1679 403 1746 Vxerem
421 1677 519 1744 habes
537 1689 592 1743 aut
609 1678 724 1762 quibus
741 1690 895 1743 moratam
916 1678 1074 1746 metibus?

111 1789 162 1843 645
263 1774 371 1839 Nosne
388 1774 449 1838 hec
471 1773 587 1839 celatos
605 1776 669 1838 tem
689 1771 756 1838 diui
778 1773 901 1857 nequee
919 1772 1005 1850 satis,

43 1946 46 1951 ἢ
264 1867 370 1949 Quam
388 1867 449 1932 hcc
466 1866 543 1930 mihi
560 1866 687 1931 uidetur
703 1866 823 1931 fectum
839 1889 947 1952 praue,
966 1867 1121 1954 preloqui.

178 1963 238 2028 Pu.
261 1962 335 2027 Non
357 1960 414 2025 tlbi
435 1959 513 2024 illud
535 1960 655 2025 factum
680 1961 783 2024 minus
808 1961 912 2045 placet
932 1982 1028 2044 quam
1054 1960 1141 2039 mihi,
1155 1979 1184 2022 ac

600 2052 736 2118 Laches.

179 2151 239 2215 ΡΑ.
266 2148 372 2212 Etiem
390 2147 416 2212 si
434 2146 555 2212 dudum
572 2147 676 2212 fuerat
693 2147 876 2234 ambiguom
894 2146 954 2213 hec
970 2147 1057 2227 mihi,

263 2244 358 2308 Nunc
376 2241 441 2306 nen
458 2250 516 2318 est,
534 2262 629 2324 quom
648 2263 718 2305 eam
736 2242 878 2325 sequitur
894 2242 1014 2308 alienus
1031 2264 1120 2328 puer.

109 2360 162 2414 650
178 2338 239 2403 Lu.
262 2335 442 2411 nuncubi,
460 2334 638 2420 Pamphile,
656 2334 707 2400 hic
723 2335 787 2400 iam
804 2336 1030 2401 consultetiosc

178 2433 236 2496 ΡΑ.
263 2429 358 2495 Perii.
399 2428 460 2495 Lu.
478 2429 576 2494 Hunc
592 2428 700 2494 uidere
718 2429 813 2514 saepe
831 2429 1016 2514 optabamus
1034 2430 1128 2507 diem,

262 2523 368 2604 Quom
382 2545 421 2588 ex
434 2533 466 2587 te
479 2524 562 2587 esset
576 2523 698 2606 aliquis,
712 2525 811 2606 quite
825 2524 996 2608 appellaret
1008 2536 1139 2609 patrem.
1155 2545 1182 2586 m

263 2618 393 2682 Euenit:
411 2616 513 2681 habeo
530 2616 664 2702 gratiam
682 2617 740 2682 dis.
775 2616 835 2682 ΡΑ.
852 2616 966 2681 Nullus
984 2640 1064 2682 sum.

179 2713 240 2775 Lu.
263 2710 412 2776 Redddce
429 2732 560 2775 uxorem
578 2731 615 2775 ac
633 2709 698 2774 neli
716 2710 879 2774 aduersari
895 2710 981 2774 mihi.

110 2821 161 2875 655
179 2806 237 2869 Pa.
264 2805 370 2880 Pater,
388 2803 414 2867 si
432 2825 540 2879 exme
556 2803 611 2868 illa
627 2802 741 2868 liberos
758 2803 855 2868 uellet
872 2803 932 2868 sibi

264 2900 331 2963 Aut
349 2899 382 2961 se
401 2919 469 2962 esse
486 2918 610 2962 mecum
627 2896 769 2983 neptam,
787 2897 862 2962 satis
880 2898 1055 2976 certeseia,

263 2992 293 3056 N
296 3014 335 3055 on
355 2991 436 3055 clem
454 3014 504 3056 me
522 2990 652 3055 haberet
669 2991 755 3073 qued
773 2992 890 3056 celasse
908 2991 1066 3077 intellego.
1154 3013 1182 3056 as

155 3106 159 3113 ·
262 3084 356 3149 Nunc
382 3104 478 3168 quom
508 3084 576 3148 eius
606 3083 743 3148 alienum
773 3086 793 3148 e
822 3107 874 3150 me
904 3106 973 3152 esse
1000 3086 1140 3151 animum

601 3177 733 3241 sentiam

262 3272 343 3354 (Nec
361 3272 586 3336 cdnnenturum
604 3271 685 3335 inter
701 3292 759 3336 uos
775 3271 907 3357 posthac
924 3272 1080 3356 echium),

110 3375 162 3431 660
265 3366 370 3447 Quam
388 3365 429 3430 ob
446 3367 513 3430 rem
530 3364 720 3431 redducam?
745 3364 806 3430 Im.
820 3365 927 3430 Meter
940 3368 1025 3450 quod
1044 3371 1141 3434 suasit

599 3481 667 3536 sua,

263 3552 460 3619 Adulescens
478 3552 590 3617 mulier
606 3551 692 3617 fecit.
726 3552 944 3617 mirandumne
961 3551 994 3617 id
1012 3555 1077 3619 est?

264 3647 390 3712 Censen
406 3658 437 3712 le
454 3669 547 3731 posse
564 3645 699 3730 reperire
716 3647 811 3711 ullam
830 3646 1004 3725 mulierem,
1154 3668 1182 3712 ιο

264 3741 356 3822 Quae
373 3741 477 3804 cereat
494 3740 606 3825 culpa?
624 3763 665 3804 an
682 3741 738 3823 qui
754 3762 817 3804 non
835 3741 995 3805 dcliucimt
1011 3741 1090 3806 uiri?

181 3838 238 3902 Pu.
262 3835 394 3900 Vosmet
410 3832 515 3897 uidete
532 3832 606 3911 iem,
624 3832 748 3898 Laches
767 3844 798 3898 et
815 3844 849 3897 tu
867 3834 1042 3919 Pemphile,

112 3937 163 3997 665
264 3929 430 3993 Remissan
447 3948 526 4010 opus
545 3927 584 3991 sit
602 3926 703 4005 uebis,
721 3927 895 3992 redducten
912 3927 1055 3997 domun:

263 4022 383 4089 Neutra
401 4022 432 4086 ln
450 4043 484 4088 re
501 4020 593 4088 uobis
611 4020 781 4087 difficultas
798 4024 818 4087 e
834 4043 885 4089 me
903 4021 971 4113 erip.
1033 4082 1036 4089 .
1139 4042 1183 4095 4⁸
1207 4014 1211 4018 A
