2618 4462
56 272 142 345 ms
494 273 699 332 nvnvcnvs
1016 262 1079 328 133

109 394 173 461 'sn
194 377 243 461 At
259 397 344 462 enim
361 419 451 475 caue,
467 419 509 462 ne
525 399 613 483 prius
633 419 729 480 quam
746 397 827 462 hanc
845 421 864 462 a
880 421 932 463 mc
944 398 1080 485 accipias

535 490 671 568 reminds,
689 488 858 569 Chremes3

197 582 282 649 Nem
293 583 373 650 hado
390 596 468 661 esst,
482 605 579 669 quom
592 585 682 650 miles
695 608 715 649 a
728 608 779 651 me
791 587 826 650 ui
838 607 923 650 nunc
936 586 1078 670 creptrim

537 678 634 743 uenit.

72 782 101 827 ¹⁵
198 769 267 835 Abi
280 772 325 848 td,
343 771 506 849 cistellam,
518 770 664 856 Pythias,
679 772 774 837 domo
787 771 870 837 defer
882 793 956 836 cum
967 793 1080 836 monu-

536 865 660 929 mdntis.

45 1010 49 1017 .
112 952 175 1021 cn.
198 956 303 1024 visen
325 969 361 1023 tu
380 959 481 1036 num,
503 958 613 1036 rhais,
646 958 706 1023 Pr.
727 939 792 1024 lbi
813 959 921 1024 sono
961 958 1022 1024 Tu.
1040 960 1080 1024 In

535 1055 630 1117 risco:
649 1052 758 1117 odiosa
774 1053 889 1117 cessas.

112 1139 175 1207 Cn.
196 1144 334 1211 Militem
351 1167 460 1210 secum
475 1146 518 1210 dd
535 1156 567 1210 te
583 1157 717 1230 quantas
736 1146 840 1231 odpias
858 1145 1033 1210 addirccrc?
1096 1145 1147 1200 755

197 1219 300 1304 Attal.
338 1239 399 1304 Tm
426 1239 513 1304 Num
543 1239 767 1304 formidolosus
796 1240 927 1305 obsecro
958 1261 1006 1317 es,
1035 1238 1080 1302 mi

536 1332 650 1398 homo?
685 1331 744 1397 Cre
762 1314 880 1420 Apage
896 1333 954 1398 sis:

197 1406 293 1513 Pogon
310 1425 551 1492 formiduldsusl
577 1438 701 1492 nemost
722 1425 884 1492 hdminum
905 1426 960 1511 qui
981 1426 1079 1503 uincit,

536 1543 651 1585 mmus.

74 1610 173 1678 ”Tm
195 1594 304 1698 sitque
321 1614 366 1679 ita
383 1625 486 1700 opust.
531 1613 591 1680 Cn
615 1614 680 1692 Ah,
702 1615 808 1679 metuo
826 1614 952 1698 qualem
973 1614 1008 1678 tri
1028 1637 1079 1679 me

536 1731 605 1775 esse
622 1707 782 1774 hominem
799 1711 980 1774 existumes.

111 1799 173 1864 Tm
196 1780 298 1866 lmmo
315 1801 377 1867 hoo
395 1803 547 1888 cogitlto:
565 1802 693 1887 quicum
710 1804 760 1867 res
777 1803 874 1880 tibist,
896 1804 1079 1889 peregrinus

536 1908 597 1974 θεῖς

197 1989 307 2055 Minus
320 2001 433 2076 potens
444 2012 541 2075 quam
552 1993 598 2069 tri,
611 1991 716 2056 minus
728 2002 833 2067 notus,
846 1994 951 2056 minus
964 1990 1080 2056 amico·
1097 2000 1148 2056 760

535 2109 607 2150 rum
624 2086 675 2151 hic
692 2085 823 2151 habens.

111 2173 173 2241 Gn
197 2174 272 2244 Scio
297 2176 388 2243 istuc.
425 2179 481 2245 sed
507 2190 542 2244 tu
563 2180 649 2262 quod
672 2201 786 2244 cauere
811 2178 922 2265 pdssis,
948 2178 1078 2244 stultum

533 2273 699 2340 admittere
717 2284 773 2338 est.

195 2364 284 2430 Mallo
310 2387 370 2453 ego
391 2388 450 2431 nos
470 2369 649 2452 prospicere
673 2388 769 2450 quam
789 2366 874 2430 hunc
896 2366 1005 2431 ulcisci
1026 2386 1079 2429 ac·

534 2471 626 2546 cepta
642 2460 766 2524 iniirria.

71 2566 99 2612 ss
196 2550 249 2615 To
265 2552 319 2617 abi
336 2563 431 2637 etque
454 2554 567 2619 obsera
583 2554 697 2618 <istium
714 2554 809 2630 intus,
832 2553 908 2616 drim
929 2574 989 2638 ego
1005 2551 1079 2616 hinc

535 2660 713 2713 transcurro
730 2647 773 2712 rid
789 2646 908 2711 forum:

196 2738 277 2807 leo
302 2761 363 2826 ego
389 2739 500 2806 adesse
526 2741 577 2806 hic
606 2742 778 2806 dduocatos
808 2740 897 2805 nobis
923 2740 956 2805 in
985 2741 1079 2805 turba

534 2834 603 2899 hoc.
647 2836 707 2899 Tn.
725 2835 835 2899 Mane.

109 2924 171 2992 Gn.
193 2926 312 2992 Melius
334 2938 391 2992 est.
435 2928 498 2993 Tri.
516 2927 648 2995 Omitte.
693 2928 753 2994 Cn.
776 2929 845 2992 Iam
867 2929 972 2993 adero.
1016 2928 1076 2993 ΤΠ.
1095 2942 1145 2995 765

532 3022 585 3087 Nil
603 3045 683 3108 opus
701 3035 748 3088 est
766 3023 843 3099 istis,
862 3019 1026 3087 Chremes.

195 3115 267 3180 Hdo
291 3114 385 3179 modo
412 3115 472 3191 dic,
499 3118 637 3181 sordrem
666 3117 753 3182 illam
780 3130 867 3180 tunm
893 3138 961 3181 esse
988 3117 1019 3180 st
1045 3127 1076 3181 te

532 3232 664 3296 paruam
681 3210 837 3295 uirginem

194 3282 359 3379 Amisissc,
377 3303 462 3367 minc
480 3324 643 3388 cognosse.
671 3307 763 3389 signa
776 3303 914 3369 ostende.
937 3303 996 3368 Pr.
1007 3303 1075 3367 Ad·

534 3399 617 3462 srint.
660 3397 721 3462 ΤΗ.
741 3395 841 3483 Cape.

66 3508 95 3551 ro
195 3487 231 3556 Sl
248 3490 314 3554 uim
331 3490 437 3567 faciet,
454 3492 487 3555 ln
505 3491 553 3556 ius
572 3491 677 3555 ducito
695 3491 866 3556 hdminem:
885 3489 1076 3555 intellextin?

532 3583 592 3649 (ln.
610 3585 727 3650 Probe.

105 3676 170 3743 Tri.
191 3677 259 3742 ch
285 3678 390 3743 animo
417 3678 496 3743 haec
521 3680 679 3764 praesenti
708 3679 804 3744 dicas.
850 3677 910 3743 Cn.
936 3678 1075 3743 chianr.

98 3856 102 3862 Ι
532 3774 592 3837 ΤΗ.
611 3774 731 3838 Attolle
748 3773 888 3858 pillium.

192 3864 288 3942 Pcrii
307 3864 380 3930 huic
397 3865 487 3951 ipsist
504 3867 584 3951 opus
602 3880 745 3951 patrono,
768 3868 862 3950 quem
881 3864 1075 3931 defensordm
1094 3882 1144 3936 770

533 3981 621 4046 paro.
