2618 4462
111 244 197 319 1v‚4
545 244 751 306 EVNVOHVS
1069 233 1130 300 129

209 455 434 521 Pannonis
484 455 630 521 Doavs
680 455 868 521 Pnumas
918 454 1084 521 Domus

223 563 417 607 summamus
475 563 634 607 nvuvouvs
696 563 847 607 asomum
981 566 1004 606 11

110 650 233 718 lv‚⁴Pu.
251 653 315 717 Exi
332 652 427 728 foras,
445 651 585 718 sceleste.
620 662 653 716 at
671 651 765 716 etiam
782 651 915 727 restitas,

252 745 420 831 Fugitiue?
441 745 546 831 prodi,
572 745 655 811 mile
676 745 847 811 conciliate.
891 744 1036 829 Do(nvs).
1060 724 1131 811 Ob-

589 861 688 905 secro.
731 840 792 905 Pu.
815 837 886 917 Oh,

251 933 337 999 Illdd
352 933 437 1010 uide,
455 955 491 999 os
509 944 545 998 ut
562 933 623 998 sibi
640 933 779 999 distorsit
795 932 961 1000 carnufexi
1147 940 1198 994 670

253 1026 341 1109 Quid
356 1027 420 1093 huo
436 1027 494 1092 tibi
510 1027 671 1093 reditiost?
694 1026 791 1092 uestis
808 1027 884 1112 quid
902 1026 1080 1091 mutatiost?

138 1136 155 1181 o
254 1120 344 1201 Quid
359 1122 488 1186 narras?
504 1122 635 1206 paulum
652 1122 680 1186 si
696 1142 878 1196 cessassem,
895 1119 1039 1206 Pythias,

250 1214 349 1281 Domi
365 1214 428 1280 non
444 1215 656 1291 offendissem,
677 1216 722 1279 ita
741 1215 805 1280 iam
828 1215 994 1279 adornarat
1010 1215 1130 1300 fugam.

165 1307 225 1375 ΡΥ.
248 1309 365 1375 Haben
381 1308 549 1387 hdminem,
567 1309 699 1373 amabo?
736 1308 797 1374 Pa.
820 1307 958 1390 Quidni
974 1309 1130 1374 habeam?

198 1486 201 1492 ⁴
588 1401 647 1466 ΡΥ.
671 1399 702 1466 Ο
721 1401 841 1467 factum
858 1401 951 1467 bene.

164 1495 324 1580 Douma).
349 1496 437 1562 Istdo
454 1497 508 1583 pol
525 1517 601 1561 uero
618 1496 709 1562 bene.
752 1496 811 1560 ΡΥ.
830 1496 943 1562 Vbist?
984 1494 1044 1560 Pa.
1067 1494 1131 1560 Ro·
1147 1500 1198 1556 675

588 1589 693 1675 gitas?
710 1590 772 1654 non
789 1590 897 1654 uides?

164 1683 225 1748 ΡΥ.
248 1682 403 1750 Videam?
420 1683 550 1748 obsecro
568 1684 681 1766 quem?
715 1683 774 1748 Pu.
794 1684 891 1748 Hune
909 1681 1035 1747 scilieet.
1071 1682 1129 1747 ΡΥ.

592 1775 673 1856 Quis
691 1776 742 1841 hie
760 1778 808 1841 est
824 1777 936 1842 homo?

124 1873 225 1947 mPn.
249 1871 314 1954 Qui
333 1872 373 1937 ad
390 1872 446 1937 uds
464 1871 618 1937 deductus
641 1871 771 1937 hddiest.
818 1871 877 1936 ΡΥ.
913 1873 1010 1937 Hune
1031 1872 1131 1938 oeulis

413 1984 416 1989 ·
588 1989 652 2031 suis

250 2059 437 2124 Nostrarum
454 2081 628 2144 numquam
645 2061 813 2144 quisquam
829 2060 920 2137 uidit,
937 2060 1106 2126 Phaedria.

164 2153 225 2218 Pu.
248 2151 321 2217 Non
338 2152 437 2217 uidit?
479 2153 540 2218 ΡΥ.
570 2155 626 2218 An
644 2165 678 2218 tu
695 2152 780 2218 hune
798 2153 956 2218 orddidisti
973 2177 1052 2231 esse,
1075 2156 1131 2219 db·

588 2268 687 2323 seoro,

249 2340 304 2405 Ad
329 2340 385 2404 nds
412 2339 601 2405 deductum?
645 2340 705 2404 Pu.
737 2340 883 2424 Nquue
909 2339 1006 2404 alium
1034 2340 1130 2406 habui
1147 2355 1199 2410 680

589 2433 756 2497 neminem.
800 2433 859 2498 ΡΥ.
886 2435 951 2509 Au,

250 2527 301 2592 Ne
335 2527 564 2614 odmparandus
599 2528 650 2591 hio
681 2526 809 2610 quidem
839 2527 880 2592 ad
911 2527 1043 2592 illumst:
1077 2528 1130 2593 flle

590 2632 658 2687 erat

124 2735 153 2779 as
252 2716 395 2781 Honesta
413 2715 494 2781 faeie
512 2727 544 2780 et
560 2715 691 2780 liberali.
734 2714 794 2781 Pa.
819 2714 869 2778 Ita
887 2717 974 2779 uisus
992 2728 1039 2781 est

251 2808 394 2885 Duddm,
411 2806 487 2891 quia
502 2808 593 2873 uaria
609 2810 698 2874 ueste
715 2809 882 2874 exornatis
900 2809 969 2874 fuit.

251 2903 346 2967 Nune
362 2901 420 2966 tibi
437 2901 563 2967 uidetur
580 2903 703 2979 foedus,
721 2901 796 2985 quia
817 2901 903 2966 illam
920 2903 983 2967 ndn
1000 2903 1104 2968 habet.

165 2998 225 3063 ΡΥ.
248 2996 334 3061 Tace
350 2995 494 3060 dbseoro:
513 2995 604 3079 quasi
621 2997 697 3060 uero
715 2997 845 3080 paulum
866 2996 1016 3062 intersiet.
1147 3005 1197 3059 685

252 3089 307 3154 Ad
324 3090 380 3154 nde
398 3090 552 3154 deductus
570 3090 691 3154 hodiest
709 3091 973 3168 adulescentulus,

124 3206 155 3248 ao
253 3183 358 3265 Quem
376 3185 411 3248 td
427 3182 535 3248 uidere
552 3185 629 3248 uero
646 3184 756 3260 uelles,
774 3182 942 3250 Phaedria.

253 3279 317 3343 Hie
334 3279 381 3343 est
398 3277 502 3342 uietus
520 3279 612 3343 uetus
630 3278 814 3342 ueternosds
832 3300 939 3354 senex,

253 3371 365 3439 Ooldre
400 3371 576 3437 mustelino.
627 3371 688 3437 Pa.
726 3373 826 3449 Hem,
863 3391 945 3454 quae
974 3371 1052 3437 haee
1083 3385 1130 3438 est

586 3465 712 3530 fabula?

252 3560 301 3625 Eo
319 3559 441 3645 rediges
459 3582 520 3635 me,
543 3570 579 3623 ut
601 3559 676 3642 quid
694 3558 812 3645 egerim
831 3570 956 3644 egomet
972 3561 1128 3625 nesciam?
1146 3567 1196 3621 690

251 3654 323 3719 Eho
341 3666 386 3730 tu,
403 3653 487 3718 emin
505 3675 564 3738 ego
582 3655 632 3811 Ἐξ
666 3652 730 3718 Do.
749 3652 872 3717 Emisti.
908 3654 967 3718 ΡΥ.
986 3654 1066 3719 Iube
1083 3655 1127 3718 mi

629 3767 692 3810 nuo

251 3841 461 3926 Respondeat.
483 3841 543 3905 Pu.
562 3841 664 3927 Roga.
686 3839 745 3906 ΡΥ.
755 3839 878 3906 Venisti
892 3838 985 3905 hodie
999 3840 1040 3903 ad
1052 3842 1127 3907 nds?

587 3945 691 4018 negat.

250 4031 297 4095 At
313 4029 366 4097 ille
383 4030 461 4095 dlter
478 4029 565 4096 uenit
581 4032 680 4095 dunos
697 4037 789 4093 natus
808 4025 955 4103 sedecim,

219 4130 335 4179 fumun
943 4126 960 4186 9
