2618 4462
105 253 154 323 iv,
167 255 223 310 es
564 251 714 308 suomi
1073 232 1116 299 tt

117 392 143 434 ⁴⁵
239 376 404 441 Ausorilta.
439 373 499 439 Cn
526 373 649 438 Audiui
673 373 738 437 iam
759 371 873 438 dmnia.
908 371 972 437 DA.
1001 372 1056 452 An
1081 380 1116 435 tu

577 466 657 532 haeo
674 465 797 531 dmnia?

157 561 217 628 Cn.
241 562 372 639 Audiui,
394 562 534 647 inquam,
555 584 573 625 a
595 559 757 646 principio.
791 558 856 624 DA.
876 557 1040 641 Audistin,
1062 557 1118 621 db-
1135 563 1187 618 585

576 653 683 719 seoro?
705 675 756 718 em

241 749 389 820 Sceleraz.
397 747 477 812 hino
491 748 555 814 iam
564 748 727 833 oportetin
735 746 909 811 oruoiatum
921 745 995 811 hino
1007 744 1117 830 dbripi.

242 843 305 906 Hio
323 857 371 907 ost
387 842 453 906 ille:
475 862 539 922 non
558 853 589 906 te
607 840 716 906 eredas
733 839 861 922 Dauom
877 838 995 904 lirdere.

158 936 225 1001 Mr.
243 936 301 1000 Me
319 933 480 1000 miserum!
502 934 548 1000 nil
564 934 618 1019 pol
635 933 707 1000 fulsi
724 933 801 1010 dixi,
816 934 863 996 mi
879 954 985 998 senex·

118 1048 144 1088 oo
158 1028 218 1104 Cn.
239 1028 325 1093 Noui
347 1030 475 1094 omnem
496 1050 573 1092 rem.
595 1039 642 1091 est
655 1025 745 1093 Simo
766 1025 870 1091 intus?
904 1025 968 1090 DA.
991 1025 1060 1090 Est.
1078 1062 1120 1072 —

578 1121 646 1184 Mn.
668 1119 719 1185 Ne
736 1143 787 1186 me
804 1120 932 1205 dttigas,

242 1215 392 1281 Sceleste.
417 1214 444 1279 si
461 1215 513 1300 pol
532 1213 683 1298 Gly'oerio
700 1235 765 1278 non
783 1213 888 1278 dmnia
905 1212 1010 1278 haee.
1032 1260 1041 1277 .
1062 1261 1070 1277 .
1138 1227 1189 1283 790
1290 1213 1300 1229 '

158 1309 222 1374 DA.
244 1308 317 1374 Eho
343 1308 464 1394 inepta,
496 1308 599 1374 neseis
626 1307 703 1390 quid
729 1306 769 1372 sit
795 1307 921 1373 notum?
959 1307 1027 1370 Mr.
1055 1306 1122 1387 Qui

578 1400 695 1466 seiam?

157 1496 221 1561 DA.
244 1496 308 1561 Hie
326 1497 416 1561 socer
434 1505 492 1559 est.
514 1495 575 1559 ulio
593 1495 686 1580 pdoto
705 1493 790 1558 haud
807 1504 928 1579 poterat
946 1493 1026 1571 fieri,

246 1593 289 1656 Vt
311 1591 403 1655 sciret
425 1588 504 1652 haee
522 1610 604 1671 quae
625 1587 782 1652 uolumus.
816 1586 885 1652 Mr.
914 1588 1010 1665 Hem,
1031 1609 1122 1672 prae·

579 1681 708 1746 diceres.

120 1797 146 1837 55
159 1777 221 1843 DA.
246 1776 386 1841 Paulum
403 1777 555 1840 interesse
574 1776 694 1850 censes,
713 1796 753 1839 ex
770 1773 875 1839 animo
893 1774 1009 1851 dmnia,

247 1871 292 1936 Vt
308 1869 371 1935 fert
388 1879 511 1947 natura,
530 1868 628 1934 fdeios
646 1891 687 1934 un
705 1866 745 1933 de
761 1867 934 1933 indirstria?
1140 1876 1192 1932 595

392 2054 526 2122 Curuo
569 2056 708 2120 Mrsrs
750 2056 895 2121 stos

106 2201 108 2205 .
408 2164 504 2208 suum
566 2163 697 2207 suemus
766 2162 878 2207 snnvos
924 2182 926 2186 ι

108 2244 222 2313 1v‚an.
245 2246 284 2309 In
301 2242 362 2308 hdo
379 2243 539 2308 habitasse
557 2243 663 2328 pldtea
681 2242 830 2307 dictumst
848 2240 1047 2328 Chrysidem,

244 2337 337 2419 Quae
355 2340 428 2404 sese·
441 2336 606 2402 inhoneste
624 2336 745 2422 optduit
762 2358 874 2421 parere
893 2335 946 2401 hio
963 2337 1055 2402 ditias

244 2432 357 2497 Potids
380 2451 477 2514 quarn
503 2431 535 2495 in
557 2430 662 2515 patrio
683 2429 813 2495 honeste
840 2453 962 2515 pauper
986 2432 1122 2497 uiueret:

244 2526 324 2589 Eius
341 2525 442 2589 mdrte
459 2519 501 2589 ee.¹
515 2523 555 2587 ad
573 2546 624 2589 me
641 2523 713 2609 lege
729 2523 889 2588 redierdnt
907 2524 999 2588 bona.

134 2643 148 2683 s
246 2622 313 2688 Sed
327 2623 407 2705 quds
425 2633 592 2707 perconter
604 2620 712 2685 uideor
730 2621 859 2685 saluete.
885 2621 954 2703 Mr.
969 2601 1123 2700 Obsecro,
1141 2629 1193 2684 800

248 2720 354 2799 Quem
372 2718 487 2783 uideo?
508 2729 597 2782 estne
610 2717 662 2781 hio
676 2714 765 2782 Critd
783 2717 928 2783 sobrinus
941 2716 1126 2804 Chrysidis?

245 2813 279 2878 Is
292 2814 350 2878 est.
373 2810 431 2876 Cn.
448 2810 479 2876 Ο
493 2810 608 2896 Mysis,
624 2809 727 2876 sdluel
745 2810 814 2874 Mn.
829 2809 944 2877 Saluos
957 2814 1010 2889 sis,
1025 2811 1123 2879 Crito.

163 2906 221 2972 Cu
244 2908 317 2971 Iton
332 2905 483 2991 Chrysis?
505 2905 588 2970 hem.
610 2905 679 2968 Mr.
697 2904 764 2968 Nos
782 2904 910 2988 quidem
923 2907 977 2991 pol
993 2907 1125 2973 miseras

584 2997 731 3084 perdidit.

164 3094 221 3160 Cn.
245 3092 333 3175 Quid
358 3094 436 3157 uos?
470 3114 534 3177 quo
561 3108 655 3178 paeto
682 3092 751 3157 hio?
789 3092 889 3157 sdtine
914 3094 1018 3160 reete?
1055 3095 1124 3160 Mr.
1242 3118 1248 3131 ·

585 3185 711 3251 Nosne?
732 3185 792 3250 sio:

125 3302 150 3342 n
247 3281 292 3345 Vt
309 3283 446 3364 quimus,
470 3280 570 3357 aiunt,
592 3279 719 3363 qudndo
737 3291 772 3343 ut
793 3280 940 3344 uolumus
960 3282 1123 3348 nonlicet.
1141 3289 1193 3344 805

164 3374 222 3440 Cn.
245 3373 334 3455 Quid
349 3373 552 3460 Glycerium?
573 3373 637 3438 iam
654 3373 706 3438 hie
721 3374 797 3438 suds
814 3372 952 3458 parentis
971 3377 1125 3461 repperit?

162 3470 232 3534 Mu.
251 3469 394 3535 Vtinami
423 3467 481 3534 Cn
499 3449 554 3534 dn
571 3489 635 3533 uon
648 3467 724 3531 dum
737 3468 849 3532 etiam?
866 3467 952 3532 haud
965 3471 1125 3556 auspicato

585 3560 648 3626 huo
665 3583 716 3625 me
733 3560 838 3638 dttuli3

244 3656 331 3720 *Num
348 3655 413 3741 pol,
432 3655 459 3720 si
476 3654 510 3720 id
528 3655 667 3731 scissem,
685 3655 857 3739 nquuum
876 3655 938 3719 huo
952 3656 1125 3722 tetulissem

583 3749 709 3834 pedem.

249 3842 382 3928 Sempdr
408 3840 491 3907 enim
523 3842 636 3907 diotast
666 3845 735 3907 esso
764 3841 843 3907 haee
869 3853 963 3926 atque
988 3842 1126 3910 habittst

586 3958 687 4012 soror3

127 4027 170 4088 ιε’
250 4028 342 4111 Quae
361 4029 444 4094 itlius
467 4029 604 4106 fuerunt,
626 4028 779 4115 possidet:
801 4050 886 4094 nuno
902 4051 955 4095 me
970 4029 1244 4184 hdspiQ
