2618 4462
118 259 240 356 iuss
274 290 277 297 ¹
416 286 602 344 nrsvror
619 278 896 344 TIMORVMENOS'
1093 271 1136 339 85

257 409 330 474 Non
343 411 403 497 ego
417 409 560 476 dicebam
572 410 606 474 in
618 410 803 496 pdrpetuom
821 420 858 475 ut
869 402 958 475 illari
969 409 1016 474 illl
1031 409 1134 488 dares,

258 503 379 570 Verum
396 505 433 568 dt
449 498 624 569 simulares.
668 501 728 568 Gn.
755 502 826 568 Non
842 512 943 569 meast
962 503 1133 569 simulatio:

129 613 159 656 aa
257 597 308 662 Ita
323 607 359 663 tu
374 599 472 664 istam
489 596 702 675 tramissem,
719 618 760 662 uo
776 618 827 662 me
845 596 1028 662 admisceas.

256 691 350 776 Egon
369 693 444 775 quoi
461 690 591 756 daturus
608 691 670 756 ndu
688 713 768 768 sum,
787 701 823 755 ut
840 691 870 756 ei
887 690 1117 777 despondeam?

172 780 226 852 Sr.
257 782 446 850 Credebam.
477 782 538 850 On.
555 784 711 849 Minume.
739 783 793 850 Sr.
812 782 899 851 Soita
912 796 1035 871 poterat
1048 785 1133 861 tieri3
1151 791 1201 847 885

257 877 299 942 Et
316 900 377 964 ego
394 878 465 954 hdo,
483 877 558 963 quia
575 878 696 943 dudrun
713 878 748 942 td
765 888 851 943 tanto
869 901 963 966 opere
978 880 1132 955 suaseras,

255 970 414 1057 Eooodpi.
441 969 502 1037 Os.
516 969 631 1037 Credo.
658 970 713 1037 Sr.
728 969 879 1038 Cdterum
887 971 1032 1057 equidem
1041 971 1132 1049 istdo,

593 1063 757 1143 Chremes,

128 1174 158 1216 so
256 1160 363 1244 Aequi
379 1158 517 1242 bonique
534 1157 626 1224 facio.
667 1156 727 1223 Cn.
754 1158 855 1242 Atqui
872 1178 968 1243 quam
984 1160 1132 1224 maxume

233 1279 235 1283 ’
254 1253 337 1320 Volo
354 1254 386 1318 td
403 1253 478 1319 dare
495 1273 623 1340 operam
639 1263 676 1318 ut
691 1252 759 1331 fiat,
776 1275 890 1318 uerum
906 1254 968 1318 alia
984 1255 1048 1319 uia.

171 1344 226 1413 Sr.
257 1347 340 1426 Fiat,
358 1357 528 1432 quaeratur
544 1347 673 1431 aliquid.
709 1346 765 1412 sed
781 1347 860 1412 illud
877 1348 964 1431 qudd
981 1348 1040 1412 tibi
1151 1353 1201 1409 790

254 1441 333 1506 Dixi
350 1441 389 1508 de
407 1452 549 1526 argento,
567 1441 653 1526 quod
670 1441 731 1506 ista
747 1441 842 1506 debet
859 1440 1022 1519 Bacchidi,

254 1535 293 1601 Id
310 1534 396 1601 nuno
412 1534 638 1600 reddendumst
653 1535 713 1600 illi:
731 1556 835 1619 neque
852 1545 887 1599 tu
905 1535 1023 1601 scilicet

127 1645 158 1688 48
254 1628 334 1695 Illuc·
352 1629 530 1716 confugies:
549 1629 642 1713 ‘quid
658 1628 748 1693 mea?
765 1651 842 1693 num
859 1629 936 1693 mihi
954 1623 1111 1694 datumst?

253 1723 340 1788 Num
356 1723 452 1788 idssi?
469 1746 547 1787 num
563 1723 618 1788 ilia
634 1725 842 1810 oppignerare
859 1722 959 1788 filiam

248 1818 362 1884 'Meam
378 1839 431 1882 me
447 1816 548 1881 inuito
565 1816 700 1903 potuitt'
722 1838 834 1881 uerum
855 1816 944 1895 illdd,
967 1815 1131 1898 Chremes,
1149 1823 1200 1878 795

253 1911 386 1976 Diodnt:
401 1906 468 1976 ‘ius
485 1932 644 1977 summum
661 1911 757 1997 saepe
774 1922 926 1976 summast
943 1905 1079 1975 malitia.³
1132 1904 1134 1908 ⁴

133 1996 138 2011 ’
169 2004 229 2072 Cu.
253 2005 351 2070 Haud
372 2004 497 2070 fariam.
542 2004 597 2070 Sr.
623 2004 726 2069 Immo
744 2004 813 2069 aliis
836 2007 863 2070 si
884 2005 966 2082 lioet,
989 2005 1047 2070 tibi
1067 2005 1132 2069 non

590 2098 676 2164 lieet:

126 2213 154 2255 so
253 2191 377 2258 Omnes
394 2202 425 2258 te
441 2192 475 2256 in
492 2191 579 2258 lauta
596 2215 656 2258 esre
673 2194 705 2257 et
722 2191 803 2257 bene
821 2203 912 2258 aucte
929 2193 962 2258 rd
977 2202 1100 2278 putant.

168 2285 229 2354 Cn.
252 2286 340 2370 Quin
361 2288 487 2373 egomet
507 2286 571 2350 iam
589 2285 635 2444 {pli
659 2309 729 2351 eam
751 2286 902 2353 deferam.
943 2285 1001 2353 >Su
1028 2288 1130 2351 Immo

626 2402 691 2444 rum

252 2475 332 2540 Iube
348 2473 461 2560 pdtius.
494 2472 555 2539 Cri.
573 2473 842 2557 Quamobrem?
873 2473 926 2542 Sr.
946 2472 1031 2555 Quia
1047 2474 1130 2538 enim
1147 2480 1198 2535 800

586 2568 619 2632 in
637 2591 710 2634 eum
728 2569 895 2654 suspiciost

251 2662 418 2728 Transldta
444 2661 567 2727 amoris.
612 2659 673 2727 Cn.
709 2661 798 2744 Quid
823 2663 909 2727 tum?
955 2662 1008 2729 Sr.
1044 2661 1130 2744 Quia

586 2754 748 2821 uidebitur

120 2848 129 2877 ³
250 2849 357 2935 Magis
374 2849 442 2915 udri
459 2848 560 2913 simile
577 2849 610 2913 id
627 2851 707 2927 esse,
725 2871 821 2934 quom
839 2849 890 2914 hio
906 2850 952 2913 illi
969 2849 1069 2926 dabit3

251 2943 294 3009 Et
312 2943 406 3008 simul
424 2942 588 3008 conficiam
605 2943 728 3008 fdoilius
746 2965 806 3029 ego
824 2942 911 3029 qudd
927 2944 1010 3008 uolo.

170 3042 173 3047 ’
250 3038 324 3123 Ipse
337 3038 416 3102 ddeo
430 3036 533 3102 adest:
546 3036 610 3115 abi,
623 3037 709 3102 defer
721 3048 897 3124 argentum.
924 3036 984 3103 Cn.
1002 3021 1127 3103 ldofero.

443 3222 651 3290 Currrrno
717 3223 851 3292 Sravs

450 3331 643 3376 renascaris
723 3332 835 3376 suavos

110 3411 231 3482 rvaOrr.
250 3410 374 3477 Nullast
390 3421 456 3477 tam
473 3412 574 3476 facilis
591 3414 652 3490 ras,
670 3414 747 3496 quin
765 3413 900 3478 difficilis
918 3412 987 3489 siet,
1143 3417 1195 3472 805

251 3506 356 3586 Quom
373 3506 492 3570 inuitus
509 3505 616 3570 facias.
652 3506 703 3571 uel
721 3530 773 3572 me
790 3507 868 3573 haee
886 3507 1108 3585 deambulatio,

251 3600 357 3680 Quam
373 3600 436 3664 ndn
454 3599 624 3677 labofidsa,
643 3600 684 3664 ad
701 3600 886 3687 languorem
904 3600 999 3666 dedit.

247 3694 317 3759 Neo
332 3696 502 3777 quicquam
519 3694 621 3780 magis
638 3717 723 3759 nuno
740 3697 847 3760 metuo
860 3716 955 3778 quam
970 3718 1009 3760 ne
1023 3694 1126 3759 denuo

135 3807 150 3850 o
248 3787 350 3852 Miser
365 3786 471 3872 aliquo
489 3788 639 3852 extrudar
656 3788 739 3866 hino,
760 3811 801 3854 ne
818 3789 966 3854 accedam
985 3788 1025 3852 ad
1043 3789 1125 3854 Bac-

583 3881 718 3946 ohidem.

246 3977 292 4042 Vt
325 3976 357 4040 te
391 3972 518 4061 quidem
550 3975 580 4039 di
612 3975 753 4059 deaeque
788 3998 896 4041 omnes
931 3977 1123 4064 quantr'rmst‚
1141 3983 1193 4043 810

584 4067 676 4158 Syre,
723 4097 726 4103 ·
