2618 4462
108 284 188 370 tua
536 275 745 354 ἰιιιιιιιοι
1065 262 1126 348 '261

162 422 393 488 Sr.La1idas?
413 443 453 487 ne
471 421 524 488 ille
542 404 713 487 edntinebit
730 419 873 505 pdathaa
891 418 1046 505 simplet,
1063 441 1130 483 ma·
1148 423 1199 479 565

584 536 655 579 nus

106 672 107 676 ,
160 607 223 672 Da.
242 608 386 674 Fdrtiter.
427 607 482 674 Sa.
505 608 678 692 Perquam
700 606 776 690 quia
797 605 944 709 miseram
965 560 1129 671 mulierem

584 710 616 767 et
632 722 684 765 me
702 699 872 776 seruolum,

245 793 311 874 Qut
345 794 474 861 referire
508 796 573 860 ιιόιι
606 793 780 871 audebam,
819 791 910 858 uleit:
949 791 1130 881 hui‚pe1··

577 884 714 951 fdrtiter.

160 979 223 1044 Da.
242 980 314 1045 Ndn
331 980 436 1065 potuit
452 979 574 1045 melida.
609 979 694 1045 idem
711 979 797 1063 quod
815 999 876 1064 ego
900 978 994 1043 sentit
1011 989 1043 1043 te
1062 999 1131 1043 esse

583 1072 658 1139 huie
673 1075 720 1139 rel
737 1083 842 1158 eaput.

122 1184 148 1224 ³0
247 1167 314 1288 de
336 1177 424 1232 estne
446 1167 543 1233 frater
563 1169 668 1232 intus?
707 1166 761 1233 Su.
784 1166 857 1231 Non
879 1177 935 1232 eet.
979 1165 1042 1230 Du.
1064 1145 1131 1232 Vbi

584 1260 700 1326 illum
691 1259 851 1325 inueniam
869 1260 981 1346 edgit0.

163 1351 217 1418 Sa.
246 1353 320 1420 Seio
342 1353 398 1417 nbi
419 1353 470 1432 sit,
497 1375 609 1418 uerum
631 1354 724 1419 hddie
745 1374 918 1437 numquam
940 1352 1129 1418 mdnstrabo.
1148 1359 1200 1414 570

581 1446 644 1511 Da.
663 1448 760 1524 Hem,
777 1447 855 1529 quid
873 1445 938 1511 ais?
973 1445 1029 1513 Su.
1048 1446 1108 1511 Ita.

160 1538 223 1603 Da.
242 1539 480 1607 Dimminuetur
497 1540 555 1605 tibi
572 1540 701 1625 quidem
718 1540 782 1604 iam
800 1540 974 1605 cerebrum.
1011 1539 1066 1605 Su.
1085 1540 1132 1603 At

252 1708 259 1728 ‚
584 1656 701 1699 nomen
717 1632 824 1699 neseio

246 1727 335 1793 Illius
352 1727 498 1806 hominis,
522 1729 579 1793 aed
600 1730 705 1794 locum
727 1728 802 1793 noui
819 1727 875 1792 tbi
893 1728 943 1793 nit.
986 1726 1049 1790 Da.
1067 1725 1131 1791 Dia
1153 1799 1156 1804 ,

584 1821 660 1908 ergd
676 1823 791 1887 laeum.

162 1914 216 1979 Sa.
244 1915 356 1980 Ndstin
381 1915 538 2001 porticum
565 1916 651 2003 apud
679 1914 847 1981 macellum
879 1913 939 1979 hae
965 1913 1131 1979 dedrsuml

584 2009 647 2073 Du.
667 2008 807 2090 Quidni
824 2007 985 2075 nduerim?

122 2121 148 2163 ιι
162 2102 216 2168 Sn.
243 2102 420 2169 Pradterito
446 2102 507 2170 haa
533 2105 619 2170 reeta
645 2104 751 2189 platea
777 2103 898 2168 slirsue:
929 2101 985 2167 ubi
1011 2123 1049 2167 eo
1075 2101 1131 2165 ud·

538 2217 541 2221 ·
584 2218 679 2274 nens,

247 2288 357 2356 Clluos
376 2290 524 2355 deorsum
540 2292 652 2356 ndrsus
672 2300 733 2356 eat.
756 2289 816 2355 hae
834 2285 896 2376 [te]
914 2289 1129 2374 praecipitato
1137 2294 1199 2350 575

173 2392 175 2395 ’
606 2384 693 2448 dstea

247 2460 307 2541 Est
332 2477 374 2541 ad
399 2475 481 2542 hane
506 2407 637 2556 maulim
663 2476 828 2542 sacellum:
858 2475 904 2540 ibi
929 2475 1130 2562 angiportum

569 2570 710 2655 prdpter
727 2581 784 2635 est

161 2663 224 2728 Da.
244 2663 337 2744 Qudd
357 2664 451 2727 nam?
487 2662 540 2729 Su.
559 2664 611 2727 llli
632 2662 689 2727 ubi
710 2663 804 2728 etidm
827 2662 992 2747 caprificus
1012 2664 1131 2746 mdgna

584 2768 641 2822 est.
659 2756 723 2821 Dn.
732 2756 827 2822 Noui.
847 2755 983 2823 SaHae
996 2756 1129 2843 pdrgito.

161 2852 224 2915 Da.
242 2831 282 2915 ld
312 2850 441 2933 quidem
467 2852 669 2936 angipdrtum
699 2872 764 2915 non
795 2860 842 2916 eat
871 2851 1026 2936 peruium.
1075 2848 1129 2916 Su.

585 2945 707 3011 Verum
723 2943 838 3010 hdrele.
865 2944 940 3020 nah,

123 3057 149 3097 m
248 3037 374 3119 Censen
400 3037 559 3103 hominem
584 3061 636 3103 me
661 3039 749 3103 esse?
774 3037 891 3103 erraui:
917 3037 951 3102 in
976 3037 1130 3124 pdrtienm

481 3158 484 3163 ⁴
584 3133 710 3196 rursum
727 3131 809 3197 redi:

1251 2204 1255 2211 -
1269 2167 1290 2227 't

248 3224 334 3292 Sdne
361 3225 421 3291 hae
447 3225 547 3290 multo
577 3226 734 3310 prdpius
730 3225 792 3290 ibis
818 3226 850 3289 et
876 3225 978 3290 minor
1008 3236 1055 3312 eat
1082 3248 1130 3292 er·
1147 3230 1199 3286 580

249 3412 326 3478 Scin
353 3411 476 3479 Cratini
502 3319 691 3477 huiusridllis
718 3412 824 3478 aedis?
810 3413 921 3478 ?.Da
945 3411 1029 3478 Scio,
1074 3412 1130 3480 Su.

585 3506 652 3573 Vbi
670 3528 723 3572 eas
740 3506 947 3592 praetdrierie,

248 3581 303 3664 dd
329 3600 486 3664 sinistram
513 3600 573 3664 hac
599 3601 685 3665 rdeta
709 3599 828 3685 platea3
854 3600 911 3664 ubi
937 3600 978 3663 td
1004 3599 1130 3665 Dianae

248 3767 298 3852 lto
320 3788 361 3851 ad
383 3786 535 3851 dextram.
570 3693 777 3872 pliinidrdiiam
799 3786 839 3852 ad
860 3797 984 3872 portam
1010 3787 1131 3872 nenias,

588 3880 698 3966 apud
690 3883 793 3966 ipsum
810 3881 915 3945 laeum

250 3955 309 4037 llat
280 3973 468 4059 atpiatrilla
490 3985 522 4039 et
547 3975 759 4037 exaduersum
781 3973 914 4039 fabrica:
941 3972 1025 4039 ibist.
1068 3973 1131 4040 Da.

590 4064 678 4149 Quid
694 4067 740 4134 tbi
758 4066 852 4137 facit?
