2618 4462
192 307 215 372 4
445 351 448 357 .
534 319 631 376 VITA
648 319 817 376 TERENTI

192 441 338 512 tcmptiore
362 439 477 509 uestitu,
502 438 632 494 subsellio
655 438 731 494 iuxta
750 439 881 494 lectulum
904 440 1027 496 residens
1047 442 1225 514 legissepdll·

193 532 257 597 post
271 541 374 597 paucos
385 540 452 578 uero
468 540 564 579 uersus
579 524 711 578 inuitatus
727 530 759 578 ut
775 526 950 579 accumberet
965 544 1077 582 cenasse
1093 546 1157 599 una,
1165 509 1187 548 ¹³⁴
1196 501 1222 539 ²⁹

194 612 258 667 dein
281 618 373 667 cetera
395 609 598 681 percucurrisse
625 627 681 664 non
703 610 762 665 sine
785 628 887 682 magna
907 610 1019 667 Caecilii
1041 614 1157 669 admira·

193 697 274 753 tione.
310 702 339 751 et
353 696 426 750 hanc
444 699 536 749 autem
558 699 586 748 et
605 695 725 766 quinque
746 695 866 766 reliquas
887 699 1038 768 aequaliter
1056 701 1188 771 populos

160 781 334 853 bprobauit3
363 780 489 852 quamuis
511 780 659 836 Volcacius
685 783 713 834 in
736 781 951 837 dinumeratione
975 784 1095 839 omnium
1119 785 1159 840 ita

193 867 309 921 scribat:

247 965 267 1027 †
285 958 414 1015 Sumetur
426 959 539 1031 Hecyra
550 963 626 1012 sexta
639 973 672 1010 ex
682 957 726 1012 his
737 957 842 1013 fabula.

193 1054 342 1110 Eunuchus
367 1053 479 1124 quidem
499 1051 542 1106 bis
567 1052 691 1122 deinceps
710 1057 774 1107 acta
794 1057 836 1108 est
856 1055 1009 1125 meruitque
1032 1057 1159 1128 pretium,

125 1174 128 1185 ·
196 1146 327 1211 quantum
347 1138 423 1193 nulla
443 1143 526 1192 antea
546 1138 708 1208 cuiusquam
728 1139 882 1209 comoedia,
902 1140 932 1194 id
949 1147 991 1195 cst
1005 1147 1067 1196 octo
1083 1144 1160 1198 milia

143 1228 177 1282 10
193 1242 346 1294 nummum3
361 1228 508 1295 propterea
520 1240 625 1277 summa
637 1239 745 1294 quoquc
757 1225 838 1279 titulo
850 1225 1004 1280 ascribitur.
1029 1234 1041 1260 ⁸
1059 1235 1070 1261 ·
1088 1236 1099 1262 ·
1117 1235 1130 1261 ·
1147 1237 1159 1275 ·.
1177 1248 1202 1286 10

193 1329 258 1365 nam
278 1309 468 1381 Adelphorum
488 1308 653 1380 principium
668 1311 757 1366 Varro
778 1310 862 1366 etiam
882 1311 1005 1382 praefert
1024 1313 1158 1385 principio
1171 1333 1228 1381 pao

195 1395 348 1450 Menandri.
854 1426 857 1430 ·

262 1489 326 1546 Non
347 1488 464 1545 obscura
484 1487 560 1542 fama
580 1494 622 1543 est
641 1489 766 1544 adiutum
784 1489 945 1544 Terentium
965 1491 994 1546 in
1014 1491 1123 1563 scriptis
1142 1510 1161 1548 a

195 1576 293 1631 Laelio
309 1580 338 1631 et
354 1574 496 1647 Scipione,
518 1591 631 1646 eamque
651 1576 712 1646 ipse
728 1576 804 1630 auxit
824 1593 972 1647 numquam
992 1576 1046 1633 uisi
1063 1579 1161 1634 leuiter

144 1664 178 1718 15
194 1661 316 1717 refutare
329 1666 451 1730 conatus,
463 1659 535 1714 utin
546 1661 661 1732 prologo
672 1660 873 1741 Adelphorum:

229 1764 301 1820 Nam
313 1760 388 1834 qudd
399 1761 445 1816 isti
458 1762 555 1816 dicunt
565 1760 702 1832 mdleuoli‚
714 1762 838 1816 homines
849 1759 949 1818 nobilis
1177 1781 1191 1830 5
1211 1789 1214 1794 ·

229 1849 311 1903 Hunc
323 1846 450 1910 adiutare
463 1843 634 1918 adsidueque
645 1864 701 1901 una
713 1845 845 1902 scribere:
900 1855 903 1861 ’
960 1903 963 1909 ,
1125 1852 1127 1856 ’

230 1933 310 1998 Quod
321 1929 364 1986 illi
376 1931 552 1986 maledictum
564 1931 713 1986 uehemens
725 1948 785 1986 csse
798 1929 970 2003 existumant,
1001 1922 1004 1927 ⁴

205 2036 207 2041 ¹
229 2019 299 2072 Eam
311 2013 422 2088 laidem
433 2016 568 2084 bic—ducit¹
578 2013 741 2086 maxumam,
754 2032 834 2088 quom
846 2003 902 2082 iilis
914 2019 1014 2091 placet,

144 2106 179 2159 20
199 2120 201 2127 ¹
219 2104 284 2175 ,Qui
296 2100 376 2158 uobis
388 2098 523 2158 uniudrsis
536 2106 565 2156 et
575 2101 678 2173 populo
691 2103 811 2173 placent,
1190 2173 1194 2181 ἡ

194 2209 199 2231 ·-
231 2189 352 2254 Quorum
364 2185 449 2257 dpcra
460 2186 488 2241 iu
501 2185 701 2258 bello,indtio,
713 2188 742 2241 in
754 2185 866 2259 negdtio
1150 2197 1153 2207 ¹
1179 2188 1205 2252 ‘10

194 2272 203 2295 '¹
231 2274 286 2330 Suo
298 2269 415 2344 quisque
427 2276 550 2343 tempore
561 2269 640 2327 deust
652 2272 710 2327 sine
723 2271 862 2344 superbia.
1151 2267 1174 2294 ³

196 2379 306 2432 uidetur
314 2381 413 2431 sautem
429 2392 459 2430 se
474 2373 563 2447 leuius
577 2375 749 2446 defendisse,
769 2376 836 2447 quia
853 2371 958 2431 sciebat
979 2382 1007 2432 et
1022 2378 1119 2432 Laelio
1135 2385 1163 2434 et

198 2461 321 2534 Scipioni
331 2458 536 2532 non'ingratam
547 2476 607 2515 esse
618 2461 691 2515 banc
702 2461 870 2532 opinionem:
884 2479 954 2533 quae
966 2468 1024 2517 tum
1036 2463 1124 2534 magis
1136 2470 1164 2517 ct

146 2551 180 2605 25
196 2565 284 2621 usque
301 2548 337 2601 ad
353 2547 506 2618 posteriora
522 2548 648 2616 tempora
663 2545 758 2600 ualuit.
795 2544 985 2617 Queruntur
1000 2547 1162 2602 inorationc
1181 2571 1206 2609 15

197 2650 247 2711 pro
267 2650 296 2687 se
317 2632 365 2687 ‘P.'
384 2631 555 2700 Africanus',’
575 2631 677 2701 inquit,
694 2635 724 2685 ‘a
740 2631 871 2687 Terentio
892 2648 1036 2703 personam
1056 2640 1161 2688 mutua·
1175 2656 1231 2703 pm

197 2725 250 2788 tua,
267 2734 337 2789 quac
354 2717 428 2771 domi
443 2717 547 2770 luserat
561 2715 631 2787 ipse,
647 2716 756 2772 nomine
771 2717 846 2772 illius
859 2716 888 2776 in
904 2735 1031 2790 scaenam
1048 2719 1163 2782 detulit'

198 2805 292 2874 Nepos
315 2806 426 2857 auctore
449 2806 524 2856 certo
549 2800 712 2871 comperisse
741 2818 771 2856 se
797 2803 849 2870 ait,
874 2801 904 2857 Ο.
929 2803 1055 2856 Laelium
1079 2820 1163 2873 quon·

198 2889 262 2942 dam
288 2888 317 2942 in
339 2886 501 2942 Puteolano.
519 2885 646 2940 kalendis
677 2885 785 2940 Martiis
813 2887 980 2941 admonitum
1008 2888 1044 2940 ab
1071 2905 1162 2958 uxore,

147 2976 181 3030 30
198 2972 347 3044 temperius
369 2978 404 3033 ut,
421 2971 612 3038 discumberet
635 2971 737 3040 petisse
758 2971 794 3025 ab
816 2989 850 3026 ea
871 2989 906 3026 ne
929 2972 1163 3043 interpellaretur3

198 3076 312 3129 seroque
335 3057 447 3112 taudem
470 3057 623 3129 ingressum
645 3054 793 3110 triclinium
821 3056 921 3111 dixisse
948 3074 1002 3111 non
1029 3075 1111 3129 saepe
1135 3059 1193 3120 in5

199 3144 342 3198 scribendo
362 3141 451 3214 magis
472 3141 526 3195 sibi
546 3141 721 3210 successisse3
745 3141 844 3196 deinde
864 3146 989 3213 rogatum
1010 3148 1041 3197 ut
1062 3145 1164 3215 scripta

197 3229 246 3283 illa
262 3227 410 3299 proferret,
430 3228 620 3298 pronuntiasse
640 3242 736 3281 uersus
754 3227 802 3295 qui
822 3231 885 3281 sunt
906 3228 936 3281 in
955 3226 1162 3284 Heautontimo
1222 3300 1223 3307 ἵ

198 3329 324 3368 rumeno:

147 3399 182 3454 35
234 3397 306 3454 Satis
319 3395 366 3469 pdl
377 3402 505 3468 proterue
517 3393 561 3451 md
575 3395 638 3469 Syri
649 3393 784 3468 promissa
794 3398 849 3451 buc
861 3394 1032 3453 induxerunt.

200 3500 300 3557 Santra
315 3499 476 3557 Terentium
493 3499 639 3567 existimat,
655 3499 679 3553 si
695 3498 821 3553 modoin
838 3499 982 3555 scribendo
994 3501 1163 3556 adiutoribus
1182 3526 1206 3564 10

198 3586 361 3657 indiguerit,
378 3601 433 3639 non
448 3590 506 3639 tam
522 3584 651 3656 Scipione
669 3589 697 3639 et
712 3584 810 3639 Laelio
825 3585 866 3638 uti
882 3586 1017 3657 potuisse,
1034 3588 1080 3657 qui
1098 3593 1164 3642 tunc

199 3669 398 3734 adulescentuli
406 3669 639 3739 fuerintqusmc.
646 3668 768 3740 Sulpicio
775 3669 1066 3740 Gallo,hominedocto
1075 3676 1103 3725 et
1111 3689 1163 3742 quo

200 3755 308 3810 consule
317 3754 514 3824 Mepolensibus
529 3753 601 3808 ludis
614 3753 722 3808 initium
731 3754 886 3809 fabularum
896 3756 1047 3809 dandarum
1057 3755 1162 3824 fecerit,

148 3843 182 3896 40
199 3842 244 3894 uel
265 3841 297 3905 Q.
319 3840 407 3895 Fabio
425 3840 556 3894 Labeone
577 3843 605 3894 et
625 3840 663 3897 M.
677 3839 817 3916 Popillio,
838 3841 974 3895 consulari
994 3847 1109 3910 utroque
1130 3859 1163 3896 ac
1176 3864 1231 3912 par

200 3928 291 3998 poeta.
326 3925 390 3980 ideo
413 3924 503 3997 ipsum
522 3941 577 3978 non
597 3924 711 3979 iuuenes
731 3925 890 3997 designare,
914 3926 961 3996 qui
982 3941 1012 3981 se
1033 3925 1163 3981 adiuuare

201 4011 336 4081 dicontur,
353 4011 402 4065 sed
417 4010 500 4079 uiros,
518 4026 632 4080 quorum
648 4026 761 4082 operam
778 4017 806 4066 ct
821 4011 850 4065 in
862 4011 935 4065 bello
948 4009 1016 4066 etin
1027 4010 1083 4065 otio
1096 4015 1123 4065 et
1134 4010 1163 4069 in

199 4094 311 4171 negotio
322 4094 439 4168 populus
451 4095 487 4151 sit
499 4099 635 4167 expertus.
