2618 4462
88 267 179 338 q1.2
542 263 699 320 uueraa

485 966 746 1050 ACTVSL

432 1136 639 1203 Puruorrs
700 1136 810 1203 Suua

457 1254 608 1295 uuauuarx
708 1251 785 1295 auva

86 1366 198 1436 r1Pn.
220 1366 285 1431 Per
302 1367 354 1452 pul
372 1387 467 1450 quam
484 1387 602 1453 paucos
619 1366 757 1451 reperias
775 1365 990 1435 meretricibus

222 1459 341 1524 Fidelis
359 1461 485 1525 euenire
503 1462 668 1536 amatores,
688 1457 779 1545 Syra.

223 1555 285 1620 Vel
301 1554 352 1619 hie
369 1553 556 1640 Pamphilus
574 1553 699 1618 iurabat
716 1552 859 1637 quotiens
877 1551 1039 1630 Bacchidi,
1116 1561 1151 1615 60

223 1648 330 1729 Quam
348 1651 464 1725 sancte,
483 1659 518 1712 ut
535 1647 638 1732 quiuis
656 1647 747 1713 facile
764 1659 869 1733 posset
887 1642 1023 1724 eredere,

112 1758 127 1801 a
222 1742 404 1826 Numquam
421 1743 475 1807 illa
492 1743 568 1807 uiua
585 1739 758 1807 ducturum*
770 1743 900 1806 uxorem
918 1741 1060 1806 domuml

222 1837 295 1912 Em,
314 1836 413 1902 duxit.
449 1836 503 1903 Su.
522 1835 610 1923 Ergo
627 1837 793 1922 pr6pterea
810 1847 841 1901 te
859 1836 969 1901 sedulo

222 1931 266 1994 Et
283 1930 396 1996 maneo
413 1941 445 1995 et
461 1929 578 2008 hortor,
595 1931 635 1994 na
653 1930 862 2014 quoiusquam
879 1931 1035 2008 misereat,

223 2023 309 2103 Quin
327 2024 442 2111 apulias
462 2024 585 2089 mutiles
602 2025 731 2101 lacerer,
754 2045 911 2108 quemque
932 2026 1025 2089 nauta
1046 2023 1098 2089 sis.
1116 2038 1150 2091 65

137 2117 196 2181 Pu.
221 2120 316 2184 Vtine
334 2119 484 2184 eximium
501 2118 658 2183 neminem
676 2117 829 2182 habeam?
849 2118 903 2184 Su.
916 2117 1097 2184 Neminem:

100 2229 126 2267 1⁰
223 2211 306 2276 Nam
324 2214 417 2276 nemo
438 2212 563 2300 illorum
582 2213 757 2297 quisquam,
780 2211 868 2288 seito,
890 2211 931 2275 ad
951 2212 983 2276 te
1000 2212 1097 2289 uenit,

222 2304 309 2387 Quin
325 2308 370 2372 ita
387 2317 476 2392 paret
492 2328 571 2383 aeae,
589 2305 646 2370 abs
663 2316 694 2370 te
712 2317 748 2370 ut
765 2305 922 2371 blanditiis
941 2306 1006 2371 suis

223 2398 330 2482 Quam
346 2403 486 2466 minume
503 2399 602 2485 pretio
620 2402 710 2463 auam
727 2400 922 2485 uoluptatem
941 2400 1075 2486 expleat.

222 2494 352 2560 Hiseine
370 2505 404 2559 tu
422 2494 536 2559 amabo
553 2495 616 2557 nun
635 2503 743 2558 eontra
759 2492 968 2558 insidiabere?
1114 2495 1149 2550 70

136 2587 195 2651 Pa.
219 2587 342 2653 Tamen
359 2587 412 2674 pol
430 2587 561 2653 eandem
578 2586 756 2651 iniuriumat
772 2608 840 2652 esee
858 2587 1012 2653 emnibus.

100 2699 125 2739 1⁶
138 2680 191 2747 Sr.
218 2682 374 2747 Iniurium
391 2694 497 2748 autem
515 2693 563 2747 est
579 2680 687 2746 ulcisci
705 2680 920 2745 aduorsarios?

219 2778 289 2841 Aut
305 2780 369 2862 qua
385 2776 439 2841 uia
455 2787 486 2842 te
503 2779 639 2862 captent,
658 2774 768 2858 eadem
785 2774 868 2861 ipsus
886 2774 975 2861 capi?

219 2871 313 2936 Eheu
330 2893 381 2936 me
398 2869 555 2947 miseram,
573 2870 654 2953 qu6r
669 2891 732 2934 nou
751 2882 805 2934 aut
821 2869 919 2934 istaec
934 2869 1012 2934 mihi

220 2966 320 3031 Aetas
338 2975 369 3031 et
386 2965 518 3030 formast
535 2965 588 3029 aut
605 2962 663 3028 tibi
680 2963 757 3029 haee
776 2962 943 3028 sentential
1113 2973 1146 3028 75

294 3168 495 3235 Pauuauo
557 3167 763 3234 Puruouru
825 3166 936 3234 Sura

336 3285 446 3329 suavos
581 3286 731 3326 uuuumrx
836 3283 913 3328 auva

84 3395 101 3446 1,
113 3376 192 3440 am.
217 3374 323 3442 Senex
340 3375 366 3439 si
384 3385 513 3459 quaeret
529 3375 590 3449 me,
608 3373 701 3437 modo
718 3372 780 3438 isse
799 3373 893 3438 dicito

218 3468 273 3534 Ad
290 3470 414 3554 pertum
432 3470 647 3554 percontatum
665 3467 835 3532 aduentum
852 3467 1021 3553 Pamphili.

218 3563 327 3627 Audin
345 3562 421 3646 quid
439 3562 551 3637 dicam,
570 3559 690 3627 Seirte?
712 3560 739 3624 si
756 3561 886 3644 quaeret
902 3584 963 3639 me,
981 3560 1027 3625 uti

217 3658 302 3722 Tum
320 3657 420 3733 dieas3
439 3655 465 3720 si
482 3678 546 3719 non
563 3655 702 3739 quaeret,
719 3655 825 3719 nullus
844 3654 968 3733 dixeris,

108 3771 120 3812 a
217 3750 309 3816 Alias
327 3760 362 3814 ut
379 3750 425 3815 uti
441 3749 559 3834 pdaaim
576 3770 670 3813 eausa
688 3748 747 3814 hae
763 3750 895 3834 Integra.
1111 3758 1146 3812 80

219 3844 283 3911 Sed
301 3846 416 3909 uideon
434 3865 494 3928 ego
511 3843 701 3907 Philutium?
724 3843 809 3907 unde
827 3844 904 3907 haee
921 3842 1069 3908 aduenit?

217 3938 366 4016 Phileas,
402 3938 489 4003 salue
522 3936 666 4000 multum.
716 3937 776 4001 Pa.
812 3934 843 4000 Ο
879 3937 980 4014 salue,
1015 3937 1094 4002 Par-

553 4052 655 4096 meno.
