2618 4462
152 244 218 317 260
535 256 745 316 rompuou
1096 256 1152 338 lv,
1163 262 1183 333 2

84 396 135 450 545
238 385 308 451 Nisi
325 406 376 449 me
393 383 488 450 credo
501 382 575 449 huic
589 385 658 447 osse
672 394 782 448 natum
796 386 851 462 rei,
870 385 1011 451 ferundis
1028 387 1126 454 mise·

237 574 364 638 Primus
405 568 504 636 sentio
542 477 641 636 tudio:
665 582 786 648 nostra,
827 572 947 657 primus
985 574 1125 639 rescisco

235 760 362 825 Primus
380 780 473 845 porro
496 663 780 844 obnuilooia’aegre
802 758 898 836 solus,
925 758 1049 845 siquid
1073 761 1123 839 flr,

152 947 205 1011 80.
229 947 335 1014 Rideo
353 945 452 1011 hunc.
475 851 675 1030 primodio
692 964 727 1007 se
749 942 842 1009 scire:
865 943 892 1009 is
915 945 999 1010 solus
1020 928 1124 1012 nescit

149 1133 210 1198 Du
231 1134 324 1198 Nimc
349 1133 458 1199 redeo:
491 1131 517 1195 si
507 1036 752 1196 101101111ιο00οτ
777 1129 904 1196 rodierit
935 1132 1015 1197 uiso
1060 1131 1121 1198 Or.
1137 1152 1165 1193 ro

80 1323 131 1377 550
234 1281 388 1396 Obsecro,
406 1317 481 1384 uide
498 1339 539 1385 ne
555 1223 636 1383 1110οῊ
627 1245 691 1381 hia
706 1336 834 1400 prorsus
851 1338 886 1383 se
902 1318 1016 1383 inruat.
1062 1318 1119 1385 80.

572 1410 679 1475 Etiam
697 1410 801 1475 taces?

232 1489 285 1591 Ε
265 1528 304 1570 0
331 1506 462 1570 cauebo.
511 1502 569 1569 Cr
596 1504 779 1587 Numquam
805 1501 911 1569 hercle
937 1504 1031 1570 hodie
1058 1528 1120 1592 ego

569 1599 611 1662 100
598 1608 653 1663 tuc
669 1597 863 1663 committom
879 1598 952 1676 tibi;

231 1694 314 1759 Nom
333 1717 383 1758 me
400 1692 464 1758 iam
482 1693 515 1757 in
532 1692 645 1757 cellam
662 1690 800 1774 oliquam
823 1713 894 1757 cum
917 1693 971 1758 illa
992 1695 1119 1760 conclu-

572 1785 660 1850 dam:
682 1785 715 1850 id
732 1787 974 1852 tutissumumst.

149 1881 202 1946 80.
229 1863 313 1968 dge,
328 1893 433 1947 tamen
449 1880 779 1967 egohuucomouebo.
790 1916 832 1926 —
842 1881 905 1946 Du.
924 1879 991 1947 Sod
1005 1904 1118 1948 eccum

571 1973 757 2039 sceleratum
776 1971 905 2059 Syrum.

148 2070 202 2134 80.
230 2070 302 2134 Non
321 2069 425 2134 hercle
449 2067 501 2134 bio
522 2068 579 2151 qui
600 2067 666 2132 uolt
688 2066 802 2132 durare
821 2069 999 2152 quisquam,
1021 2067 1048 2133 si
1071 2069 1118 2136 sic
1133 2086 1162 2128 rc
1300 2144 1306 2151 η

570 2160 618 2238 fit,
635 2171 748 2245 potest.

77 2273 129 2327 555
231 2255 320 2322 80100
338 2255 484 2338 equidem
501 2253 584 2331 uolo,
602 2253 689 2337 quod
710 2251 788 2317 mihi
805 2252 868 2319 sint
881 2253 1014 2319 dominic
1032 2275 1116 2339 quae

570 2347 649 2411 haec
667 2356 715 2412 est
731 2346 871 2411 miseria!

145 2442 207 2506 Da.
227 2441 315 2523 Quid
332 2442 385 2507 ille
402 2439 532 2527 gannit?
557 2440 634 2524 quid
651 2440 737 2504 uolt?
763 2439 840 2522 quid
862 2449 920 2518 010,
942 2441 1025 2507 bone
1046 2442 1116 2507 uir?

570 2542 618 2599 est
634 2532 732 2597 stator
749 2532 852 2597 domi?

146 2629 200 2695 80.
229 2628 326 2708 Quid,
353 2628 482 2704 malum,
511 2627 607 2691 ‘bone
629 2626 692 2691 uir'
714 2625 791 2689 mihi
813 2628 940 2693 namus?
966 2626 1116 2711 equidem

566 2719 655 2805 perii.
698 2718 762 2783 Dc.
781 2718 868 2799 Quid
886 2720 991 2785 tibist?

145 2814 199 2880 Sr
228 2814 380 2900 Rogitas?
415 2811 567 2898 Ctesipho
585 2835 636 2878 me
657 2812 774 2898 pugnis
796 2814 957 2877 miserum
967 2825 999 2878 00
1020 2813 1115 2880 istam

227 2905 1157 3085 100000001010.Ι)οΡ8111111οω1;0101000018080,οο

566 3092 642 3158 uide
659 3104 695 3157 ut
714 3093 840 3158 discidit
856 3093 989 3158 labrum.

74 3204 125 3257 550
142 3187 204 3252 Du.
224 3186 330 3267 Quam
349 3186 390 3252 ob
413 3187 498 3251 rem?
484 3183 589 3251 180.
612 3185 669 3250 Μο
690 3185 849 3271 inpulsore
871 3185 954 3252 hanc
973 3198 1112 3273 emptam

566 3301 635 3344 0000
652 3279 706 3343 ait.
741 3279 803 3347 Du.
822 3279 897 3345 Nou
913 3291 948 3345 tu
966 3302 1037 3346 eum
1056 3304 1112 3346 rus

565 3371 638 3438 hinc
656 3373 750 3436 modo

224 3465 373 3531 Produxe
396 3464 502 3530 aibas?
538 3463 593 3532 80.
616 3464 765 3543 Factum3
791 3488 904 3532 uerum
930 3466 1017 3532 uouit
1038 3479 1112 3552 post

563 3559 736 3624 insoniens:

224 3653 277 3718 Nn
304 3652 454 3738 pepercit.
490 3654 553 3717 non
580 3652 731 3738 puduisse
753 3652 922 3720 uerberare
949 3653 1110 3723 hominom

565 3745 686 3811 seneml

223 3839 328 3921 Quem
351 3841 412 3925 ogo
438 3839 532 3904 modo
558 3842 692 3926 puerom
718 3840 874 3905 tantillum
900 3841 932 3905 in
959 3841 1108 3908 monibus

562 3935 686 4018 gestaui
704 3932 792 4000 meis.

136 4025 199 4092 Du.
218 4025 347 4093 Larido:
371 4025 532 4114 Ctesipho,
550 4027 714 4115 patrissasr
737 4027 799 4108 obi,
817 4028 922 4094 uirum
944 4027 1149 4096 0010101100.οῡ
