2618 4462
106 275 189 351 tnr
570 272 721 336 Annene
1085 255 1129 328 29

244 401 468 469 Intdrminstus
482 402 562 482 siun,
580 424 621 467 ne
639 400 774 467 faceres:
791 399 868 466 niun
886 398 1034 466 ueritu’s?
1052 398 1128 483 quid

582 498 617 562 τό
634 495 725 560 tulit?

245 589 374 657 Creddn
401 590 458 655 tibi
484 591 545 656 hoo
571 611 670 667 nunc,
696 588 857 675 peperisse
883 588 965 654 hanc
991 587 1128 654 ePdm·

582 682 688 769 philo?

159 777 223 842 Dr.
244 777 353 843 Tened
368 776 446 862 quid
463 789 554 856 erret,
573 775 699 859 etquid
716 797 810 861 agam
825 775 936 840 habeo.
972 773 1019 842 Sr.
1039 774 1128 858 Quid

584 869 688 935 taces?

159 964 223 1029 Dr.
245 963 333 1046 Quid
356 964 484 1029 credas?
506 963 598 1049 quasi
618 985 683 1027 non
699 961 758 1027 tibi
774 960 952 1028 renuntidte
970 962 1032 1026 sint
1049 961 1128 1026 hoec

583 1058 629 1122 sic
645 1057 723 1121 fore.

120 1169 146 1210 ro
160 1150 205 1217 Sr.
242 1151 348 1216 Mihin
360 1151 548 1236 quisquam?
582 1151 646 1216 DA.
666 1150 749 1227 Eho,
766 1173 808 1214 cn
822 1160 889 1216 tute
902 1149 1054 1215 intellexti
1067 1150 1129 1217 hoc
1145 1164 1198 1220 500

582 1243 788 1309 ddsimuiari?
827 1242 874 1310 Sr.
893 1243 1047 1310 Inrideor.

158 1338 223 1403 Dr.
244 1339 515 1417 Renirntiatumst3
527 1341 602 1403 ndm
611 1337 667 1423 qui
680 1336 737 1402 tibi
750 1337 846 1402 istaec
855 1338 965 1403 incidit
974 1339 1129 1426 suspicio?

160 1431 206 1498 St.
242 1432 326 1515 Qui?
344 1436 420 1517 quic
436 1445 468 1499 te
484 1455 604 1498 noram.
644 1432 709 1496 Dr.
732 1429 835 1514 Qudsi
852 1443 887 1497 tu
904 1432 991 1499 dicas
1008 1433 1128 1499 fdctum

582 1526 616 1591 id
632 1525 762 1592 consilio
779 1546 859 1592 meo.

160 1619 206 1686 Sr.
243 1619 338 1687 Certe
352 1621 436 1686 enim
450 1620 525 1686 scio.
553 1620 618 1684 Dr.
636 1619 710 1684 Non
719 1619 796 1684 sitis
809 1640 860 1685 me
873 1620 1013 1706 pernosti
1021 1621 1127 1702 dtiam,

582 1714 685 1798 quoiis
703 1714 773 1792 sim,
791 1711 892 1780 Simo.

159 1807 206 1874 Sr.
242 1808 337 1895 Egon
358 1809 408 1875 td?
451 1808 515 1874 Dn.
543 1807 611 1876 Sed
633 1806 660 1874 si
682 1807 759 1892 quid
781 1807 839 1872 tibi
860 1831 987 1876 narrare
1009 1810 1127 1897 occdpi,

585 1901 735 1968 continud
753 1901 822 1967 dari

120 2013 146 2054 2⁵
243 1997 317 2062 Tibi
334 1996 434 2062 uerba
447 2017 567 2062 censes.
603 1995 650 2063 Sr.
667 1994 778 2061 Fdlsoi
813 1995 879 2064 Dn
895 1996 1009 2081 Itaque
1023 1997 1127 2064 hercle
1145 2007 1197 2064 505

582 2091 626 2156 nii
643 2091 706 2154 iam
725 2090 853 2156 muttire
871 2091 983 2156 ntideo.

160 2182 207 2248 Sr.
242 2185 315 2250 Hoc
332 2186 393 2271 dgo
411 2185 478 2251 scio
495 2206 604 2262 unum,
614 2183 781 2249 vneminem
798 2187 958 2270 peperisse
974 2185 1036 2251 hic.
1062 2188 1126 2252 DA.

583 2278 755 2344 Intelldxti:
778 2281 859 2343 itast.

245 2370 312 2437 Sed
337 2373 402 2437 nilo
424 2373 521 2438 setiits
544 2395 619 2438 mox
645 2394 780 2459 puerum
805 2371 869 2438 huc
890 2373 1033 2440 deferent
1054 2386 1127 2442 ante

583 2467 708 2534 dstiunr.

243 2559 283 2624 Id
305 2561 366 2646 ego
384 2559 447 2625 iam
469 2583 554 2626 nunc
576 2560 645 2639 tibi,
667 2563 730 2638 ere,
752 2560 899 2627 renuntid
916 2562 1069 2640 futurum,
1091 2576 1127 2628 ut

583 2657 625 2721 sis
644 2655 757 2732 sciens,

243 2748 294 2813 Ne
307 2758 343 2813 tu
356 2747 416 2814 hdc
431 2746 536 2835 [mihi]
552 2749 708 2835 posterius
720 2749 806 2813 dicas
819 2748 907 2814 Daui
919 2750 1038 2815 fectum
1052 2774 1127 2817 con·

583 2842 653 2909 silio
671 2843 726 2908 orit
744 2843 834 2909 dolis.

121 2953 147 2994 eo
245 2936 380 3001 Prdrsus
407 2960 427 3002 a
452 2960 503 3003 me
535 2937 714 3023 opinionem
744 2935 827 3002 hanc
857 2948 946 3003 tuam
971 2940 1040 3005 dsse
1067 2963 1126 3026 ego
1144 2951 1196 3006 510

582 3033 720 3096 amotdm
736 3031 820 3096 uolo.

161 3122 207 3189 St.
240 3105 335 3190 Vnde
354 3124 386 3189 id
404 3123 484 3190 scis?
525 3124 591 3190 De
618 3122 740 3189 Audiui
757 3135 789 3190 et
806 3125 915 3192 credo:
936 3128 1035 3192 midta
1053 3150 1127 3193 eon·

582 3219 710 3283 currtint
727 3217 832 3297 simul,

245 3309 311 3392 Qui
325 3311 536 3378 coniecturam
550 3311 632 3377 hinc
645 3334 729 3377 nunc
742 3311 834 3380 facio.
869 3312 932 3379 itm
945 3315 1033 3401 prIus
1046 3315 1126 3382 haec

582 3428 616 3471 se
634 3428 652 3471 e
668 3405 837 3492 Ptmphilo
985 3469 987 3473 Α

245 3497 420 3565 (Ξτάυίᾶαω
443 3497 522 3565 dixit
543 3502 626 3566 esse:
649 3498 844 3565 inuentumst
861 3501 985 3568 idlsum.
1028 3526 1124 3583 nunc,

582 3596 751 3679 postqudm
768 3594 855 3660 uidet

244 3686 378 3771 Ndptios
396 3687 481 3751 domi
498 3687 654 3773 ddparari,
672 3689 798 3754 missust
815 3688 929 3755 anciila
944 3689 1016 3755 ilico

134 3801 147 3840 5
245 3760 458 3845 Obstetricem
471 3781 660 3846 accdrsitnm
671 3782 713 3846 ad
728 3805 800 3848 eam
817 3793 849 3848 et
865 3785 998 3869 pirorum
1015 3795 1051 3850 ut
1068 3786 1124 3851 ad·
1141 3798 1192 3853 515

582 3875 677 3941 ferret
694 3876 798 3941 simul.

244 3970 317 4034 Hdc
334 3967 394 4033 nisi
410 3968 456 4046 fit,
478 3991 612 4054 puerum
628 3969 665 4035 dt
682 3981 717 4034 tu
734 3970 844 4036 uidens
863 4018 871 4035 .
891 4019 899 4036 .
918 4019 927 4038 .
947 3969 1038 4058 [nihil
1054 3996 1124 4038 mo·

531 4141 533 4146 ,
580 4075 694 4129 uentus
711 4063 862 4152 nuptiae]

1081 4172 1205 4200 ...-
