2618 4462
308 1152 344 1231 o.
374 1150 613 1232 cruror]
636 1151 986 1246 neruorum

454 1345 569 1410 VITA
590 1345 771 1409 TEREN
776 1345 835 1409 TI.

93 1673 162 1775 effi„
235 1700 422 1757 P.Terentius
431 1698 674 1772 AferCarthagine
683 1704 764 1754 natus
774 1698 870 1755 seruiit
878 1698 983 1754 Romae
992 1695 1124 1753 Terentio

130 1793 144 1834 ὅ
160 1788 275 1842 Lucano
291 1785 420 1856 senatori,
436 1801 455 1839 a
471 1800 526 1856 quo
542 1787 579 1840 ob
594 1784 736 1856 ingenium
753 1791 781 1840 et
793 1785 908 1840 formam
919 1800 974 1839 non
984 1784 1124 1839 institutus

160 1873 242 1928 modo
253 1870 413 1940 liberaliter,
429 1872 519 1926 sedet
534 1875 640 1926 mature
652 1887 735 1925 manu
745 1868 844 1925 missus
857 1874 907 1929 est.
936 1867 1048 1940 quidam
1059 1885 1124 1939 cap-

160 1965 219 2014 tum
231 1974 291 2014 esse
304 1957 472 2013 existimant:
489 1957 563 2030 qnod
579 1957 640 2013 fieri
656 1957 731 2012 nullo
742 1958 823 2012 modo
834 1956 957 2029 potuisse
968 1957 1126 2012 Fenestella

161 2046 251 2115 docet,
268 2061 330 2100 cum
345 2045 419 2099 inter
433 2043 517 2099 finem
533 2045 646 2100 secundi
657 2043 758 2100 Punici
773 2044 840 2100 belli
856 2049 884 2100 et
894 2044 1003 2099 initium
1015 2045 1090 2099 tertii
1101 2054 1125 2098 et
1142 2045 1160 2099 ὃ

120 2146 145 2186 ιο
162 2137 242 2185 natus
253 2133 286 2184 sit
299 2136 328 2185 et
338 2135 473 2200 mortuua3
489 2119 551 2200 nec,
568 2129 591 2184 si
604 2147 621 2184 a
633 2130 760 2187 Numidis
772 2135 821 2185 aut
833 2129 959 2186 Gaetulis
972 2129 1124 2201 captusne,

94 2239 116 2280 p.
125 2230 151 2272 ar
163 2218 200 2271 ad
209 2218 342 2271 dominum
351 2217 504 2272 Romanum
512 2216 657 2288 peruenire
665 2216 787 2288 potuisse
796 2216 871 2271 nullo
883 2216 1045 2271 commercio
1053 2216 1126 2270 inter

161 2301 273 2356 Italicos
287 2307 315 2356 et
326 2301 409 2356 Afros
421 2301 475 2356 nisi
485 2307 548 2374 post
559 2301 679 2357 deletam
691 2300 887 2374 Carthaginem
899 2306 1005 2372 coepto.

229 2387 284 2441 Hic
295 2405 356 2442 cum
365 2387 458 2441 multis
468 2386 606 2443 nobilibus
615 2386 790 2442 familiariter
797 2387 874 2456 uixit,
880 2387 929 2442 aed
938 2387 1054 2443 maximo
1064 2404 1125 2442 cum

163 2472 291 2544 Scipione
308 2473 440 2528 Africano
457 2480 486 2530 et
501 2473 532 2529 G.
549 2474 660 2543 Laelio,
681 2473 781 2545 quibua
798 2474 882 2529 etiam
897 2474 1018 2546 corporis
1034 2474 1126 2546 gratia
1144 2475 1177 2530 10

133 2572 146 2614 o
163 2560 324 2614 conciliatus
342 2558 523 2614 existimatur:
540 2561 613 2631 quod
630 2565 659 2614 et
674 2559 765 2631 ipsum
779 2559 937 2614 Fenestella
952 2559 1045 2631 arguit
1061 2576 1125 2615 con-

161 2646 277 2699 tendeus
285 2650 401 2714 utroque
411 2645 541 2700 maiorem
550 2651 617 2700 natu
626 2645 720 2715 fuisse,
725 2644 851 2717 quamuis
860 2646 986 2717 etNepos
995 2645 1127 2715 aequales

162 2748 256 2786 omnes
268 2730 353 2785 fuisse
365 2731 458 2786 tradat
469 2736 497 2785 et
505 2730 621 2786 Porcius
631 2730 810 2801 suspitionem
818 2731 853 2786 de
866 2730 1063 2786 consuetudine
1074 2747 1126 2804 per

161 2817 231 2871 haec
242 2814 340 2870 faciat:

195 2897 271 2956 Dim
284 2898 426 2956 lasciuirim
437 2901 571 2957 nobilium
583 2907 611 2957 et
623 2898 719 2957 latides
731 2901 839 2957 fucosis
850 2903 931 2974 petit,
1143 2905 1177 2959 15

120 3001 146 3041 ro
196 2987 269 3040 Dum
282 2969 409 3042 Africani
421 2984 517 3042 uocem
530 2987 651 3042 diuinam
663 2984 752 3042 inhiat
763 2987 852 3042 auidis
864 2983 985 3056 uiribus,

196 3068 271 3142 Dium
283 3073 320 3127 ad
332 3072 443 3127 Philum
455 3089 485 3128 se
497 3069 617 3128 renitere
630 3077 658 3126 et
669 3070 796 3128 Laelium
806 3069 952 3145 pulchrim
963 3078 1052 3144 putat,

195 3154 271 3212 Drim
282 3156 311 3212 in
323 3158 463 3212 Albanum
474 3153 570 3214 crebro
582 3158 688 3230 rapitur
699 3156 735 3213 ob
747 3158 842 3213 florem
854 3156 954 3213 aetatis
966 3175 1045 3214 suae:

94 3266 116 3307 p.
125 3256 151 3298 re
197 3245 260 3298 Suri
268 3243 392 3314 partiatis
404 3239 536 3300 rebusad
548 3260 682 3299 summam
694 3240 815 3316 inopiam
827 3241 955 3299 redactus
967 3250 1018 3300 est.
1074 3311 1076 3316 ¹

196 3311 296 3401 itaque
318 3345 351 3384 ex
372 3333 522 3401 conspectu
541 3325 661 3385 inanium
680 3330 725 3383 ubi
744 3329 803 3384 abit
823 3327 957 3385 Graeciae
974 3329 1005 3384 in
1024 3335 1125 3408 terram
1144 3327 1180 3381 20

432 3416 435 3422 ’
619 3409 752 3484 ultimam,

198 3496 333 3555 Mortuost
345 3496 509 3570 Stymphili,
521 3499 659 3555 Arcadiae
671 3502 699 3554 io
710 3495 826 3571 oppidot'
838 3500 877 3554 nil
888 3496 989 3555 Priblio

199 3581 293 3655 Scipio
305 3594 357 3638 lum
368 3581 481 3656 profuit,
494 3583 533 3638 nil
544 3582 666 3655 Laelius,
677 3586 717 3645 nil
728 3582 836 3655 Firius,
864 3570 869 3580 ¹

132 3679 147 3721 o
198 3666 268 3724 Tres
280 3686 330 3741 per
341 3669 370 3723 id
382 3665 491 3741 templis
503 3668 551 3741 qui
562 3670 707 3743 agitabant
718 3669 825 3728 nobiles
837 3669 988 3727 facillume:

196 3752 297 3811 Eorum
308 3757 355 3810 ille
368 3773 453 3827 opera
463 3754 500 3812 ne
515 3759 624 3813 domum
637 3759 748 3830 quidem
759 3759 858 3816 habuit
870 3756 1079 3832 conducticiam,
1141 3757 1176 3810 25

198 3839 301 3895 Sailtem
312 3847 344 3896 ut
355 3846 427 3895 esset
439 3840 494 3912 quo
506 3843 622 3904 referret
633 3842 736 3904 obitum
750 3845 851 3900 domini
864 3842 993 3900 seruolus.

232 3924 349 3997 Scripsit
365 3926 521 3982 comoedias
537 3945 593 3998 sex,
615 3945 649 3984 ex
665 3931 763 4000 quibus
778 3931 896 4002 primam
912 3930 1046 3985 Andriam
1063 3947 1125 3986 cum

161 4012 416 4084 aedilibusderet,
439 4015 529 4070 iussus
552 4020 617 4070 ante
641 4013 759 4071 Caecilio
780 4017 897 4072 recitare
922 4018 959 4072 ad
982 4027 1131 4091 cenantem

122 4111 148 4155 to
165 4114 227 4154 cum
241 4097 375 4173 uenisset,
393 4099 490 4156 dicitur
505 4100 612 4156 initium
629 4100 744 4174 quidem
756 4098 888 4174 fabulae,
906 4102 989 4171 uuum
1001 4105 1071 4155 erat
1082 4113 1154 4152 con·

930 4186 969 4243 Ὢ
