2618 4462
183 271 244 340 132
558 285 763 348 nvuvenvs
1075 287 1197 362 mne

266 411 333 478 see
350 411 448 478 uhtu
465 412 586 478 multon
603 413 677 478 ente
694 411 799 478 uentu
832 412 891 477 Pr.
912 391 968 478 tn
985 410 1063 478 auu
1078 413 1144 478 um

601 529 621 570 a
636 507 753 572 milite?

181 599 241 668 Cn.
264 601 481 679 Iamdudum,
503 611 647 667 aetatem.
683 600 752 667 lites
769 601 873 666 factae
891 601 964 666 sunt
985 600 1143 667 intereos

601 697 778 763 mdxumee.

112 794 163 848 735
179 789 238 854 Pn.
260 788 314 854 tul
341 789 429 866 dixit,
455 800 491 854 tu
516 800 551 855 ut
577 791 742 872 sequerere
768 792 857 858 sese?
901 787 961 856 On.
992 789 1056 866 Nil,
1081 788 1143 853 nisi

602 883 710 949 abiens
726 884 771 948 mi
786 883 896 948 innuit.
947 933 948 936 η

179 976 238 1041 Pn.
260 975 343 1055 Eho,
360 976 466 1044 ndnne
483 977 516 1042 id
534 990 583 1043 sat
601 979 686 1043 erat?
721 977 780 1046 Cn
802 959 850 1044 dt
866 977 1027 1043 nescibam
1043 977 1078 1042 id
1095 977 1143 1041 di·
1156 995 1182 1036 ιο

601 1094 671 1138 cere
688 1072 785 1151 illam,
802 1072 862 1137 nisi
879 1071 954 1156 quie

264 1164 409 1231 Correxit
426 1166 526 1244 miles,
544 1166 630 1250 qudd
647 1166 786 1232 intellexi
798 1168 917 1244 minue3
934 1189 1008 1231 nam
1020 1189 1072 1232 me
1086 1188 1142 1231 ex·

597 1262 688 1327 trusit
705 1261 800 1327 fores.

263 1352 328 1420 Sed
338 1356 568 1441 eeeamipsam:
582 1355 678 1419 miror
685 1355 741 1420 dbi
754 1376 814 1443 ego
823 1355 896 1421 huie
904 1354 1140 1421 anteudrterim.

376 1621 509 1686 Tnuts
583 1617 783 1684 Cunnuns
854 1619 1042 1685 Pennus

361 1737 512 1777 unnnmrx
582 1733 777 1778 unvnnsuuue
881 1735 1013 1778 memmi

176 1824 236 1889 Tu.
256 1821 361 1888 Credo
376 1823 522 1907 equidem
534 1822 625 1887 illum
636 1822 700 1886 iem
713 1821 898 1886 ddfuturum
911 1844 990 1899 esse,
999 1823 1033 1887 dt
1048 1824 1132 1887 illam
1139 1850 1193 1903 ιη

598 1939 617 1980 a
633 1938 685 1981 me
703 1915 826 2000 eripiet:
844 1916 912 1980 sine
929 1916 1046 1981 ueniat.

109 2023 159 2077 740
259 1993 362 2096 dtqui
383 2011 410 2076 si
427 2011 512 2076 illum
532 2009 630 2097 digito
647 2010 785 2095 attigerit
801 2011 876 2088 dno,
899 2010 982 2076 oeuli
1002 2011 1073 2076 ilieo
1091 2014 1154 2076 de-v

595 2103 763 2169 fodientur.

259 2178 370 2282 Vsque
389 2199 468 2264 adeo
489 2195 578 2285 [ego]
596 2197 679 2262 illius
697 2197 779 2262 ferre
792 2219 922 2283 possum
939 2197 1088 2283 ineptiam
1107 2210 1139 2263 et

599 2291 767 2377 magnifica
783 2291 893 2368 uerba,

259 2386 368 2455 Verba
386 2386 460 2450 dum
480 2384 540 2450 sint
546 2410 555 2462 3
574 2387 686 2450 uerum
703 2385 786 2449 enim
800 2383 826 2448 si
840 2384 960 2449 adrem
975 2384 1139 2450 cdnferen·

598 2491 658 2555 tur,
677 2478 850 2564 udpulabit.

177 2572 236 2639 Cn.
259 2574 371 2652 Thau,
398 2595 458 2660 ego
484 2573 545 2637 iam
572 2572 693 2637 dudum
720 2573 770 2637 hie
792 2573 913 2637 adsum.
956 2572 1016 2637 Tu.
1044 2570 1139 2639 Omi
1164 2593 1178 2635 t

599 2664 799 2741 Chremes‚te
808 2667 911 2751 ipsum
921 2667 1136 2751 expectabam.

261 2761 336 2828 Scin
359 2773 394 2826 tu
416 2761 541 2826 turbam
563 2759 644 2824 hane
666 2762 794 2844 prdpter
815 2772 845 2824 te
863 2783 932 2825 esse
949 2760 1085 2825 fdetam?
1107 2773 1139 2826 et

275 2927 282 2952 r
598 2853 677 2919 adeo
696 2854 736 2917 ad
753 2864 784 2918 te
802 2853 933 2919 dttinere
950 2854 1033 2918 hane

108 2956 159 3010 745
261 2948 399 3014 Omnem
425 2948 510 3012 rem?
557 2944 617 3011 On.
644 2948 698 3011 Ad
724 2948 794 3012 me?
820 2949 875 3031 qui
900 2969 1012 3031 quaeso
1039 2949 1138 3015 istuc?

595 3041 656 3105 Tm
687 3040 786 3121 Quia,
813 3042 889 3105 dum
915 3042 974 3106 tibi
1000 3043 1138 3108 sordrem

598 3133 711 3198 studeo

260 3230 405 3296 Reddere
423 3252 460 3294 ac
472 3231 644 3305 restituere,
663 3228 741 3294 haee
755 3239 848 3312 atque
862 3228 955 3293 huius
968 3229 1055 3293 modi
1068 3253 1138 3295 sum

596 3322 696 3386 multa
712 3345 816 3407 passa.

176 3417 236 3483 Cn.
257 3400 323 3485 Vbi
336 3417 422 3482 east?
439 3415 607 3481 TmDomi
620 3416 707 3501 apud
718 3438 778 3480 me.
797 3414 856 3480 Cn.
867 3417 962 3481 Hem.
980 3416 1040 3480 Tm
1051 3416 1138 3497 Quid

599 3512 665 3574 est?

260 3588 386 3670 Educta
402 3603 447 3668 ite
464 3603 510 3667 uti
528 3604 621 3687 teque
639 3603 755 3686 illaque
769 3604 939 3688 dignumst.
971 3601 1030 3668 On.
1050 3602 1137 3685 Quid
1151 3626 1177 3666 m
1226 3596 1229 3602 ’

597 3699 662 3762 ate?
701 3696 760 3760 ΤΗ.
786 3679 826 3762 id
844 3699 929 3782 quod
946 3721 995 3762 res
1014 3710 1070 3761 est.

260 3795 353 3858 Hdne
371 3792 427 3857 tibi
446 3791 485 3855 do
500 3790 582 3856 dond
594 3813 696 3875 neque
710 3804 817 3876 repeto
830 3814 887 3877 pro
901 3793 955 3856 illa
968 3791 1136 3875 quiequam

596 3886 652 3950 abs
670 3886 701 3950 te
718 3885 808 3970 preti.

106 3989 157 4046 750
175 3981 234 4047 Cn.
258 3980 301 4046 Et
318 3979 451 4046 habetur
469 3990 500 4046 et
516 3979 679 4058 referetur,
696 3979 804 4057 Thais,
823 3976 910 4067 [tibi]
924 3980 968 4045 ita
980 3979 1026 4045 uti
1044 3979 1137 4046 meri·

595 4073 659 4141 ta’s·
668 4073 782 4163 gettie=
