2618 4462
111 256 197 328 111,8
409 254 597 313 HEAV'I'ON
614 251 893 312 TIMORVMENOS
1093 239 1134 304 75

251 377 318 444 Sed
334 380 507 445 ndstrumet
523 376 717 463 intellegere,
734 389 769 441 ut
787 397 946 461 quomque
964 385 1060 460 atque
1078 376 1134 440 tibi

589 490 749 553 quomque
767 491 847 556 opus
866 471 905 534 eit
923 469 1067 553 dbsequi.

167 565 222 632 Su.
250 565 338 648 Quid
354 567 413 634 iste
430 563 549 632 narrati
586 561 644 628 Cu.
666 562 763 628 Perii.
804 562 859 628 Su.
887 561 1039 649 Clitipho,
1056 564 1135 628 hade

589 678 650 743 ego
672 656 829 742 praecipid
848 656 924 720 tibi?

253 753 400 819 Ildminie
426 752 512 839 frugi
533 761 565 817 et
590 750 796 835 temperantis
817 750 954 816 stinctu’e
977 749 1136 814 officium?
1153 765 1205 817 580

592 841 649 910 Oa.
672 843 759 909 Tace
777 844 880 908 eadee.

128 957 155 998 ²0
168 938 223 1006 Su.
251 939 350 1005 Recte
376 961 460 1004 eane.
503 936 563 1004 Cu.
588 937 684 1022 Sirez
711 937 809 1024 pudet
832 960 892 1002 me.
938 937 991 1003 Su.
1015 937 1136 1003 Credo:

590 1052 693 1115 neque
710 1030 743 1094 id
760 1030 887 1107 iniuria3
906 1033 982 1115 quin

251 1126 334 1191 Mihi
352 1126 559 1191 molestumet.
592 1122 650 1189 Cu.
667 1124 781 1189 Perdis
799 1125 914 1190 hercle.
941 1125 997 1192 Su.
1015 1125 1137 1190 Verum

591 1218 662 1282 dico
680 1218 767 1301 qudd
784 1218 921 1284 uidetur.

170 1311 228 1379 Cu.
254 1314 327 1379 Ndn
345 1312 494 1379 accedam
511 1313 553 1376 ad
570 1312 659 1377 illos?
687 1309 746 1376 Cu
765 1311 837 1376 Eho
854 1333 984 1396 quaeso,
1002 1314 1069 1378 ulla
1085 1335 1138 1378 ac-

593 1406 730 1471 cedundi
747 1405 848 1471 uiaet?

169 1499 225 1566 Su.
252 1481 416 1566 dctumstz
439 1500 491 1565 hic
508 1499 595 1585 prius
613 1522 648 1564 sc
665 1498 812 1564 indicarit
829 1503 924 1583 qudm
947 1521 1007 1586 ego
1025 1523 1139 1588 argen-

593 1604 661 1658 tum
679 1591 824 1659 effecero.

255 1684 418 1764 Chremes,
435 1687 491 1751 uin
508 1698 543 1752 tu
557 1685 676 1751 homiui
690 1687 785 1751 stulto
798 1685 842 1751 mi
854 1688 1050 1752 auscultdre?
1078 1687 1138 1753 Cu.
1156 1702 1208 1757 585

593 1780 681 1862 Quid
703 1780 837 1844 faciam?
871 1779 927 1846 Su.
953 1781 1033 1846 iube
1055 1780 1140 1847 hunc

182 1919 189 1924 --
253 1874 354 1939 Abire
377 1873 452 1940 hinc
478 1873 593 1958 aliquo.
638 1873 696 1940 Cu.
724 1872 798 1954 Qud
825 1895 886 1960 ego
913 1875 988 1940 hinc
1009 1876 1140 1940 abeam?

594 1966 650 2034 Su.
668 1967 743 2048 Qud
761 1968 863 2033 lubet:
881 1968 922 2032 da
939 1969 1001 2033 illis
1019 1969 1138 2035 locumz

254 2063 321 2127 Abi
355 2061 603 2128 deambulatum.
656 2059 714 2126 Cu.
749 2060 1019 2127 Deambulatum?
1056 2064 1139 2147 qud?

593 2154 648 2222 Su.
675 2154 758 2233 Vah,
776 2155 866 2238 quusi
884 2156 965 2220 desit
983 2156 1081 2221 locus.

255 2249 320 2314 Abi
338 2249 516 2327 admistae,
534 2250 693 2324 iudicum,
711 2249 835 2332 quouis.
863 2248 923 2315 Cn.
942 2249 1041 2316 Recte
1054 2251 1139 2329 dicit,

594 2345 718 2407 oensem

137 2497 143 2508 ,
171 2434 229 2501 01„
255 2435 298 2500 Di
317 2447 349 2501 te
366 2436 537 2513 eradicent,
555 2437 610 2520 qui
627 2459 678 2500 me
695 2435 770 2501 hinc
786 2437 938 2512 extrudis,
958 2435 1053 2521 Sjuel

172 2530 226 2596 Su.
254 2531 299 2594 At
316 2531 351 2594 tt't
368 2530 421 2615 pol
439 2529 495 2594 tibi
508 2530 584 2594 istae
597 2529 729 2615 pdsthac
743 2530 940 2615 comprimite
957 2530 1083 2597 manus!
1097 2568 1140 2578 -
1156 2545 1208 2600 590

131 2641 157 2682 aa
256 2623 383 2689 Censen
405 2623 500 2689 uero?
525 2624 601 2706 quid
619 2623 709 2688 illum
730 2645 823 2709 porro
841 2624 951 2689 credas
972 2625 1138 2700 facturum,

594 2716 757 2792 Chremes,

254 2810 324 2875 Nisi
342 2832 426 2888 eum,
444 2820 597 2893 quantum
612 2811 668 2875 tibi
687 2812 756 2896 opis
769 2811 801 2875 di
815 2812 902 2890 dant,
920 2813 1028 2878 edmae
1046 2812 1139 2879 cesti·

594 2907 654 2991 gas
672 2905 801 2970 mones?

170 2996 230 3064 Cu.
253 2980 325 3084 Ego
342 2998 423 3062 istuc
441 2999 569 3063 curabo.
606 2998 662 3065 Su.
680 2979 782 3083 dtqui
798 3020 894 3078 nunc,
912 3023 976 3080 ere,
994 3000 1050 3066 tibi
1069 3000 1139 3067 istic

594 3091 812 3158 adserudndue
830 3104 887 3159 eet.

171 3185 230 3252 Cu.
254 3186 335 3250 Fiet.
363 3183 416 3252 Su.
436 3184 473 3250 Si
490 3186 609 3271 sapide3
631 3208 706 3250 nam
723 3185 800 3251 mihi
817 3186 879 3252 iam
898 3190 1002 3252 minue
1020 3188 1139 3253 minue·

595 3301 657 3363 que
675 3280 881 3365 obtemperat.

170 3372 230 3438 Cu.
254 3372 341 3453 Quid
363 3372 416 3437 tui
442 3372 555 3456 ecquid
578 3372 617 3438 de
639 3374 693 3438 illo*
711 3375 796 3457 quod
815 3375 935 3441 dudum
959 3377 1063 3441 tecum
1086 3376 1138 3463 egi
1155 3391 1207 3447 595

594 3467 696 3551 egisti,
715 3466 816 3552 Syre?

130 3579 156 3620 eu
254 3559 432 3645 Re'pperieti
460 3560 515 3624 tibi
548 3561 634 3645 quod
659 3561 782 3646 placeat
807 3565 849 3628 dn
876 3564 959 3628 nou?
1002 3562 1056 3630 Su.
1086 3563 1138 3629 De

592 3654 718 3720 falldcia

254 3747 362 3812 Dicis?
389 3759 450 3813 cett
478 3745 585 3812 inueni
611 3771 713 3834 nuper
736 3748 905 3832 quendam.
950 3747 1010 3815 Cu.
1037 3750 1138 3836 Frugi

591 3863 636 3905 ee.
659 3842 738 3906 eddo
755 3842 831 3924 quid
850 3843 917 3906 cst?

170 3934 224 3998 Su.
253 3934 377 4010 Dicam,
395 3957 506 4000 uerum
526 3944 562 3998 ut
578 3934 664 3998 dliud
682 3957 721 3999 ex
739 3935 801 3999 alio
819 3936 937 4001 incidit.
970 3935 1030 4003 Cu.
1050 3937 1138 4018 Quid

593 4031 677 4105 ndm,
697 4025 797 4112 Syre?
