2618 4462
580 273 755 334 Pisonum
1142 277 1198 350 1,·a

265 400 428 487 Rogamus
445 399 522 485 quid
539 400 588 466 sit.
625 401 812 485 ‘numquam
829 399 944 484 aeque'
968 399 1070 486 inquit
1091 402 1145 467 ‘au

600 495 695 560 moda

264 588 439 673 Paupertas
452 587 529 652 mihi
542 608 622 652 onus
634 589 768 652 uisumst
782 596 814 652 et
827 586 978 652 miserum
990 588 1022 652 et
1034 609 1143 674 graue.

148 689 160 719 Γ
263 682 363 746 Modo
380 681 540 765 quandam
562 681 628 746 uidi
646 680 801 767 uirginem
818 679 870 746 hie
887 680 1021 747 uiciniae
1155 700 1184 740 sa

264 776 417 840 Miseram
434 797 525 840 suam
542 786 676 840 matrem
687 772 858 840 lamentari
875 775 1041 839 mertuum.

262 868 312 934 Ea
330 870 388 933 sita
405 877 473 933 erat
490 867 710 947 exadutrsum
728 889 831 951 neque
848 866 1076 933 illi'beniuolus

262 963 374 1046 Neque
385 962 477 1027 nitus
490 983 594 1045 neque
607 964 761 1048 cognatus
774 970 864 1026 extra
876 983 972 1026 unam
985 960 1144 1026 iniculam

263 1054 441 1139 Quisquam
453 1055 571 1132 aderat,
580 1055 635 1138 qui
648 1055 803 1120 adiutaret
812 1055 921 1118 funus:
931 1055 1142 1120 miseritumst.

261 1149 363 1235 Virgo
379 1150 449 1234 ipsa
465 1148 548 1214 facie
565 1148 715 1236 egregia?
751 1148 827 1232 quid
843 1148 949 1213 uerbis
967 1150 1079 1233 opust?
1155 1167 1182 1209 aa

264 1241 445 1308 Commtrat
463 1242 565 1307 omnis
582 1243 648 1306 ntis.
684 1241 728 1308 ibi
747 1242 896 1306 continuo
913 1223 1057 1328 Antipho

261 1336 421 1401 ‘Voltisne
438 1357 546 1401 eamus
564 1335 699 1401 uisere?
718 1334 798 1399 alius
816 1335 960 1400 ‘eenseoz

226 1447 229 1452 ’
262 1429 397 1495 Eamus:
416 1430 552 1495 duanae
570 1428 684 1495 addes?
718 1429 811 1505 imus,
828 1428 985 1505 uenimus,

261 1524 425 1590 Videmus.
461 1522 553 1608 uirgo
570 1521 711 1609 pulchra,
729 1532 760 1588 et
777 1542 841 1605 quo
858 1522 960 1608 magis
978 1522 1107 1600 diceres,

144 1635 156 1664 f
260 1617 314 1681 Nil
332 1617 441 1682 aderat
458 1615 630 1681 adiumenti
648 1616 690 1680 ad
705 1615 985 1700 pulchritudinem:
1155 1631 1182 1674 as

253 1709 405 1796 §lapillus
422 1732 544 1796 passus,
562 1709 666 1774 nudus
683 1731 749 1794 pes,
767 1708 837 1795 ipsa
853 1708 989 1786 h6rrida‚

252 1804 450 1880 meorumue,
468 1802 602 1869 uestitus
620 1802 734 1888 turpis:
755 1814 800 1879 ut,
818 1802 852 1867 ni
869 1804 918 1867 uis
935 1802 1010 1867 boni
1093 1856 1100 1874 .

239 1900 299 1971 κΙη
316 1900 386 1984 ipsa
403 1897 520 1963 inesset
535 1897 647 1972 ferma,
665 1897 744 1962 haee
760 1896 895 1962 formam
913 1899 1280 1983 extinguam&

260 1993 319 2057 Ille
336 1992 389 2076 qui
406 1991 492 2056 illam
510 1990 638 2056 amabat
655 1990 826 2068 fldiainam,
844 1992 966 2056 tantum
984 1991 1078 2061 modo
1150 1993 1153 2000 '

261 2085 375 2152 ‘Satis'
397 2085 500 2169 inquit
526 2084 662 2150 ‘scitast'
669 2108 678 2162 3
705 2085 811 2150 n6ster
836 2106 912 2150 uero
932 2136 939 2151 .
958 2132 966 2149 .
985 2085 1049 2150 DA.
1071 2085 1140 2149 Isim
1154 2106 1181 2146 eo

600 2199 678 2244 soso:
958 2197 963 2203 ·

260 2275 379 2338 Amare
398 2272 509 2358 coepit.
537 2271 599 2339 Gn.
619 2271 695 2338 Seia
712 2274 826 2356 quam?
843 2293 907 2356 quo
925 2272 1040 2337 euadat
1057 2273 1139 2340 uide.

231 2452 234 2457 ,
258 2367 416 2433 Postridie
435 2368 477 2432 ad
494 2389 591 2431 anum
608 2368 694 2432 reate
710 2366 829 2452 pergit:
847 2366 1001 2455 absentat,
1119 2358 1125 2371 ’

260 2462 305 2526 Vt
322 2461 381 2526 sibi
399 2461 466 2526 eius
483 2460 580 2526 iaciat
597 2460 731 2546 atpium.
766 2459 820 2525 illa
837 2461 921 2526 enim
938 2460 972 2525 se
990 2454 1087 2547 negat

259 2554 372 2637 Neque
390 2577 463 2620 eum
480 2555 680 2712 aequonkai’t
697 2553 815 2619 faeere:
836 2554 925 2619 illam
945 2554 1048 2620 ciuem
1071 2577 1141 2621 esse

630 2647 748 2724 tticum,

260 2743 383 2807 Bonam
401 2739 491 2805 bonis
508 2741 711 2826 prognatam:
733 2740 908 2806 siuxorem
925 2741 1012 2818 uelit,
1153 2761 1180 2804 es

260 2836 351 2921 Lege
368 2835 402 2899 id
419 2835 514 2900 licere
529 2834 650 2911 faner03
670 2834 719 2898 sin
736 2834 835 2911 aliter,
853 2845 957 2921 negat.

261 2930 376 2995 Noster
393 2928 471 3013 quid
488 2940 597 3014 ageret
613 2928 748 2993 nescire:
767 2941 798 2994 et
815 2929 901 2993 illam
919 2929 1034 2995 diaeta

262 3023 422 3109 capiebat
439 3034 472 3089 et
489 3023 649 3088 metuebat
667 3021 829 3088 absentem
848 3035 979 3108 patrem.

177 3118 240 3182 DA.
258 3117 342 3193 Non,
361 3119 388 3182 si
403 3116 546 3193 redisset,
565 3118 594 3181 ei
610 3127 700 3201 pater
717 3116 843 3181 ueniam
860 3029 1151 3182 darete-s

109 3219 159 3275 120
178 3210 238 3276 Ga.
262 3212 319 3276 Ille
335 3211 510 3275 indotatam
526 3210 682 3296 uirginem
700 3220 795 3292 atque
811 3209 984 3296 ignibilem
1153 3229 1179 3270 aa

260 3304 362 3371 Daret
395 3303 459 3368 illi?
497 3325 669 3388 numquam
704 3304 831 3370 faceret.
888 3303 952 3370 Ds.
984 3300 1072 3385 Quid
1105 3304 1141 3370 fit

598 3397 753 3481 denique?

178 3493 237 3559 Ga.
261 3492 348 3573 Quid
364 3493 441 3558 fiat?
461 3503 508 3558 est
526 3493 680 3578 parasitus
697 3491 827 3574 quidam
843 3491 1005 3568 Phemio,

261 3589 367 3652 Home
385 3587 560 3652 confidens:
582 3586 636 3670 qui
652 3587 742 3650 illum
760 3585 792 3649 di
810 3607 918 3651 omnes
935 3584 1096 3673 perduinti

178 3682 239 3747 Da,
260 3680 346 3762 Quid
371 3681 399 3746 is
424 3680 517 3746 feeit?
553 3678 614 3744 Ga.
636 3681 710 3745 Hoc
735 3680 901 3744 consilium
926 3680 1011 3764 quod
1037 3679 1139 3743 diuam

600 3772 699 3838 dedis:

108 3877 158 3934 125
261 3870 347 3935 ‘Lex
364 3871 412 3935 est
429 3880 465 3934 ut
482 3867 588 3945 orbae,
606 3869 661 3951 qui
688 3867 752 3932 sint
768 3889 884 3953 genere
901 3866 1058 3955 prsixumi,
1152 3884 1178 3927 ss

264 3965 318 4029 uis
335 3965 466 4040 nubant,
486 3972 517 4028 et
533 3961 603 4026 illos
616 3962 731 4028 ducere
748 3961 859 4027 eadem
876 3961 955 4027 haee
971 3962 1023 4026 lex
1041 3960 1138 4026 iubet.

260 4059 331 4148 Ego
349 4060 380 4124 te
398 4067 568 4144 cognatum
585 4056 687 4122 dicam
706 4067 744 4121 et·
753 4056 812 4121 tibi
829 4055 963 4122 scribam
981 4055 1099 4133 dieam3
