2618 4462
98 298 180 371 'vga'
528 299 744 356 rurrmruoa
1053 283 1121 356 :au

242 424 306 489 Hic
320 424 423 489 faciat.
443 426 505 489 Aa.
517 422 567 488 Mi
576 422 680 509 pater?
698 422 758 486 M1.
769 421 856 501 Quid
871 432 906 485 tu
919 431 1025 485 autem
1038 419 1122 498 huic,
1139 426 1191 483 935

446 571 448 575 .
580 517 676 592 asine,
695 516 872 580 auscultas?
893 514 956 580 Da.
971 515 1026 580 Nil
1039 514 1122 600 agis:

241 612 328 677 Fieri
345 612 435 677 aliter
452 635 517 677 non
533 613 645 696 potest.
677 611 736 674 Mi.
751 609 888 675 Delirare.
919 610 982 674 Au.
997 608 1074 674 Sine
1091 620 1122 675 te

579 728 715 782 exorem,
734 706 778 768 mi
796 717 893 790 pater.

156 801 215 864 Mi.
241 801 380 865 Insauis:
407 800 505 866 aufer.
545 802 608 865 Du.
630 781 714 884 lige,
737 799 778 864 da
799 799 926 864 ueniam
945 798 1023 863 filio.
1062 798 1121 863 Mr.

39 896 41 900 ’
580 893 670 958 Satin
688 894 784 958 sanus
803 895 854 958 es?

117 1005 144 1048 rc
241 987 313 1074 Ego
331 990 432 1053 ncuos
450 988 580 1054 maritus
601 991 685 1053 anno
703 989 831 1053 demum
852 988 961 1072 quinto
979 996 1010 1051 et
1032 1008 1122 1050 sexa·

579 1084 732 1169 geneumo

240 1177 332 1241 Fiam
348 1179 444 1260 atque
466 1199 562 1241 anum
585 1177 776 1263 decrepitam
794 1175 926 1240 ducam?
951 1173 1025 1239 idne
1047 1173 1121 1238 estis

578 1273 721 1336 auctores
738 1270 833 1335 mihi?

156 1365 218 1429 Aa.
240 1363 322 1431 Fac:
344 1363 471 1450 premisi
490 1385 552 1450 ego
572 1364 643 1430 illie.
688 1364 746 1428 Mi.
766 1362 914 1427 Premisti
935 1362 1059 1426 autem?
1081 1360 1121 1425 de
1139 1369 1190 1424 eto

578 1470 609 1525 te
627 1459 764 1545 largit6r‚
782 1480 870 1543 puer.

155 1549 218 1614 Du.
236 1553 321 1636 Age,
339 1553 416 1636 quid
432 1554 460 1618 ei
476 1553 554 1637 quid
570 1563 602 1618 te
619 1554 721 1618 maius
740 1554 825 1618 oret?
860 1551 919 1617 Mt.
939 1551 1041 1631 Quasi
1057 1573 1121 1616 non

577 1647 637 1712 hoc
654 1648 695 1712 sit
713 1649 907 1712 maxumum.

155 1738 217 1802 Du.
235 1739 290 1805 Da
315 1741 451 1806 ueniam.
499 1741 561 1805 Au.
588 1741 639 1807 Ne
664 1744 808 1827 grauere.
855 1740 919 1806 Da.
945 1741 975 1805 F
976 1762 1023 1815 ac,
1049 1761 1121 1826 pro·
1177 1791 1179 1795 .

577 1837 675 1901 mitte.
717 1835 866 1901 M1.Non
885 1833 1045 1900 omittitis?

117 1929 216 1992 aAe.
239 1928 323 2005 Nou,
348 1928 408 1992 nisi
426 1939 457 1994 te
480 1950 617 1994 exorem.
652 1930 713 1996 Mi.
730 1931 789 1998 Vis
813 1942 860 1995 est
881 1929 960 1995 haec
981 1928 1119 2013 quidem.

577 2024 639 2089 Du.
658 2007 733 2112 Age
750 2025 881 2110 prolixe,
899 2023 1008 2090 Micio.

153 2116 213 2180 Mr.
241 2115 311 2181 Etsi
334 2117 391 2182 hcc
414 2116 491 2181 mihi
512 2140 644 2202 prauum
664 2119 807 2204 ineptum
831 2119 1004 2183 absurdum
1025 2129 1120 2200 atque

576 2213 714 2277 alienum
731 2237 752 2278 a
767 2213 836 2278 uita
852 2235 923 2278 mea

238 2305 387 2371 Videtur:
406 2304 433 2368 si
449 2304 509 2370 uua
523 2309 611 2371 tanto
629 2308 724 2392 opere
741 2307 822 2373 ictuc
839 2306 942 2385 uultis,
960 2307 1024 2372 fiat.
1057 2307 1118 2371 Aa.
1136 2312 1188 2367 945

576 2401 666 2466 Beue
682 2400 771 2466 facie.

153 2495 212 2560 Dr.
238 2493 355 2559 Merite
364 2504 395 2558 te
405 2514 485 2558 amo.
504 2495 635 2561 uerum.
647 2496 721 2560 ‚Ma
736 2494 841 2575 Quid?
854 2497 912 2562 Da
922 2496 994 2581 Ego
1004 2494 1117 2573 dicam,

575 2588 636 2653 hcc
653 2610 751 2673 quom
770 2590 860 2654 confit
877 2590 963 2673 quud
979 2591 1063 2654 uolo.

141 2683 211 2745 ⁴M1.
239 2680 327 2761 Quid
352 2682 436 2747 m'mc
458 2678 544 2765 quod
565 2685 680 2748 restat?
719 2684 781 2748 Du.
804 2685 910 2768 Hegio
933 2695 980 2750 eat
1001 2685 1048 2749 hic
1069 2683 1117 2748 his

576 2788 729 2861 cognatus
746 2779 930 2864 pro'xumus,

115 2886 140 2926 25
238 2869 366 2934 Adfmis
387 2871 489 2949 nobis,
516 2872 649 2957 pauper:
676 2872 757 2939 bene
783 2896 840 2938 nos
867 2873 988 2958 aliquid
1013 2873 1117 2939 facere
1254 2889 1257 2893 ’

574 2967 620 3031 itti
637 2966 746 3034 decet.'

152 3061 210 3124 M1.
240 3059 325 3140 Quid
342 3061 465 3126 facere?
500 3061 562 3128 Du.
581 3063 718 3149 Agellist
740 3063 792 3128 hic
809 3062 869 3128 sub
886 3063 965 3128 urbe
987 3063 1117 3150 paulum

148 3194 151 3201 -
479 3174 482 3205 ³
575 3157 661 3241 quod
678 3157 788 3221 locitas
805 3154 904 3222 foras:

236 3248 322 3312 Huic
335 3248 446 3314 demus
459 3250 513 3334 qui
531 3250 663 3315 fruatur.
689 3251 748 3316 M1.
761 3251 900 3316 Paulum
912 3250 945 3315 id
963 3253 1117 3318 autemst?
1134 3255 1185 3310 950

575 3345 637 3410 Dc.
657 3344 693 3411 si
710 3345 884 3424 malumst,
901 3358 1007 3412 tamen

234 3435 476 3502 Faciundumst:
511 3460 569 3524 pro
604 3449 692 3524 patre
722 3439 796 3505 huic
829 3452 886 3517 est,
920 3439 1023 3506 bonus
1059 3454 1115 3522 est,

572 3533 679 3598 nester
696 3545 753 3611 est,
772 3537 856 3600 recte
874 3534 975 3600 datur.

235 3625 400 3690 Postremo
423 3650 502 3691 nunc
523 3650 630 3693 meum
650 3629 730 3694 illud
755 3631 888 3696 uerbum
912 3632 1004 3711 facio,
1031 3636 1116 3719 quod

572 3735 616 3800 tu,
634 3723 743 3800 Mi'cic,

234 3812 324 3877 Bene
342 3814 373 3878 et
391 3815 549 3901 sapienter
562 3817 638 3881 dixti
651 3818 785 3882 dudum:
806 3812 1115 3890 ‘uitium'commune

572 3911 751 3989 6mniumet‚

236 3999 332 4083 Quod
349 4001 480 4068 nimium
498 4003 539 4069 ad
556 4027 623 4069 rem
640 4006 673 4070 in
695 4008 822 4071 senecta
844 3998 954 4074 atterrti
977 4011 1113 4078 sumus':

546 4139 548 4145 .
573 4099 655 4166 hanc
672 4103 828 4167 maculam
845 4105 902 4170 nce
920 4106 1009 4172 decet
