2618 4462
177 245 222 311 ’44
581 254 732 314 sunam
1077 275 1083 286 ν’
1123 257 1189 327 ·v,o

110 386 161 442 850
178 372 242 446 DA.
264 380 388 446 Mihin?
422 377 467 446 Su
494 380 567 454 Tibi
581 401 667 463 ergo.
701 379 766 445 Di.
790 378 864 466 Ego
881 381 976 446 modo
998 375 1080 447 intro
1104 383 1136 447 ii.

600 472 646 540 S1.
681 473 782 554 Quasi
796 467 883 560 [ego]
896 496 992 558 quam
1019 474 1138 538 dudum

599 587 742 652 rogem„

177 660 241 727 Da,
265 661 347 727 Ciam
370 673 424 726 tuo
450 672 546 746 gnato
567 683 641 725 una.
677 658 723 734 Si.
749 640 845 725 Anne
866 673 914 725 est
935 661 1019 725 intus
1041 660 1178 724 Pam-10

276 834 281 850 μ
599 753 722 840 philus?
744 753 867 820 crucior
884 754 993 819 miseri

263 850 344 929 Eho,
365 871 430 915 non
446 859 481 914 tu
499 848 578 913 dixti
594 851 663 914 dese
680 849 762 913 inter
783 869 837 913 eos
859 847 1048 927 inimicitias,
1071 851 1139 914 car-

598 942 715 1013 nufcx?
826 936 828 943 ¹

178 1038 243 1102 Da,
266 1036 359 1103 Sunt.
395 1036 441 1103 Si.
467 1034 559 1118 Quor
575 1036 673 1122 igitur
689 1036 740 1102 hio
761 1037 829 1102 est?
863 1035 922 1103 cn.
945 1036 1033 1117 Quid
1049 1036 1139 1102 illum

361 1156 364 1160 ⁴
597 1128 725 1195 censos?
746 1152 819 1194 cum
838 1129 893 1196 illa
909 1131 1020 1214 litigat.

177 1225 241 1289 Di.
262 1205 365 1290 immo
383 1246 459 1289 uero
473 1223 648 1310 indignum,
667 1221 831 1300 Chremes,
848 1223 912 1289 iam
925 1223 1047 1290 facinus
1064 1223 1138 1288 faxo

597 1340 637 1382 ex
654 1341 706 1383 me
724 1317 843 1384 audies.

108 1427 159 1484 855
259 1412 377 1478 Nescio
400 1412 454 1496 qui
480 1413 576 1479 senex
602 1412 695 1477 modo
721 1411 818 1489 uenit,
844 1411 950 1489 dllum,
977 1411 1138 1477 confidens

586 1517 701 1571 catus:
1022 1524 1024 1531 ⁴

261 1598 369 1680 Quom
382 1598 496 1665 faciem
509 1598 629 1676 uideas,
646 1598 772 1664 uidetur
786 1600 856 1664 esse
869 1598 1029 1682 quantiuis
1043 1598 1137 1684 preti:
1152 1617 1177 1659 io

260 1694 373 1758 Tristis
390 1693 507 1759 ueritas
523 1693 606 1758 inest
617 1693 651 1758 in
663 1693 753 1758 uoltu
771 1704 866 1777 atque
882 1691 916 1756 in
928 1693 1034 1758 uerbis
1051 1694 1138 1758 fides.

178 1788 223 1854 Si.
259 1786 437 1868 Quidnam
454 1789 619 1873 adportas?
648 1786 712 1851 Da·
734 1787 789 1851 Nil
806 1786 962 1870 equidem,
979 1787 1038 1852 nisi
1053 1790 1139 1873 quod

598 1881 688 1946 illum
705 1879 814 1946 audiui
832 1881 944 1946 dicere.

179 1975 224 2042 Ss.
260 1974 347 2058 Quid
365 1984 408 2041 ait
424 1975 570 2039 tandem?
600 1974 664 2040 Dn.
688 1973 872 2060 Glycerium
889 1998 923 2040 se
941 1977 1020 2040 scire
1037 1976 1138 2042 ciuem

599 2091 668 2133 esse
685 2049 837 2134 Atticam.
874 2065 920 2135 S1.
946 2071 1042 2145 Hem,

110 2178 162 2232 800
263 2163 400 2239 Drdmo,
434 2160 567 2242 Dromo.
611 2161 676 2226 DA.
711 2160 798 2243 Quid
824 2162 890 2227 cst?
929 2160 975 2228 Sa
1005 2162 1138 2228 Dromo.

598 2253 662 2319 Da,
685 2254 782 2320 Audi.
815 2254 860 2321 S1.
879 2255 1022 2320 Verbum
1040 2257 1066 2321 si
1084 2258 1139 2322 ad·

598 2349 712 2414 dideris
730 2397 738 2413 .
758 2348 782 2414 ,i
816 2347 949 2414 Dromo.

178 2444 242 2507 Da,
265 2443 352 2506 Audi
370 2443 511 2508 obsecro.
537 2441 600 2507 Da.
620 2441 706 2523 Quid
720 2442 788 2507 uis?
814 2441 860 2508 81.
880 2441 1044 2509 Sublimea
1057 2447 1139 2510 intro
1152 2464 1178 2504 ao

600 2536 684 2601 huno
702 2537 957 2622 rape,quanti1m
975 2550 1088 2622 potest.

179 2631 241 2696 Dn.
264 2630 388 2713 Quem?
411 2629 456 2696 S1.
474 2629 613 2695 Dauom.
636 2629 700 2694 Da·
718 2628 824 2710 Quam
838 2630 978 2694 obrem?
996 2629 1040 2696 Si.
1055 2631 1141 2713 Quia

597 2722 695 2789 lubet.
713 2746 789 2810 rape
804 2725 943 2807 inquam.
969 2723 1032 2789 Di.
1052 2724 1140 2807 Quid

600 2816 681 2882 feci?
716 2814 760 2883 Si.
788 2817 887 2902 Rape.

180 2914 244 2977 Da·
266 2911 302 2978 Si
333 2912 502 2995 quicquam
531 2909 674 2977 inuenies
704 2912 754 2974 md
785 2909 965 2988 mentitum,
996 2912 1139 2978 occidito.

601 3003 647 3070 Sa
670 3004 725 3070 Nil
744 3003 853 3069 audio:

227 3095 230 3101 ’
264 3099 335 3185 Ego
352 3099 416 3164 iam
434 3109 465 3164 te
483 3100 675 3164 commotum
688 3099 828 3166 reddam.
855 3097 920 3164 Da,
942 3098 1064 3166 Tamen
1082 3101 1141 3167 etsi

600 3192 661 3258 hoc
677 3192 837 3258 uariumst?
872 3190 918 3258 Si.
941 3192 1072 3259 Tamen.

112 3305 164 3358 865
267 3285 354 3353 Cura
375 3285 606 3350 adseruandum
629 3289 781 3363 uinctum,
808 3298 901 3369 atque
924 3287 1039 3352 audin?
1064 3292 1141 3373 quo·

600 3380 773 3466 drupedem
792 3381 1006 3466 constringite.

265 3478 338 3561 Age
356 3473 517 3539 nunciam:
536 3496 596 3559 ego
614 3475 667 3559 pol
684 3474 788 3550 hddie,
806 3474 833 3538 si
850 3473 936 3549 uiuo,
954 3475 1011 3539 tibi
1155 3495 1180 3536 aa

266 3567 453 3644 Ostendam,
470 3589 559 3632 erum
576 3567 653 3650 quid
669 3570 710 3632 sit
727 3567 836 3652 pericli
855 3567 973 3645 fallere,

265 3662 309 3728 Et
330 3664 376 3727 illi
401 3652 531 3748 pairem.
569 3659 628 3725 Cn.
654 3661 719 3736 Ah,
746 3683 786 3726 ne
812 3662 900 3725 saeui
924 3673 1011 3726 tanto
1037 3683 1140 3748 opere.

603 3753 649 3820 Sa
675 3733 708 3819 O
727 3752 891 3834 Chremes,

264 3849 422 3914 Pietdtem
439 3846 541 3934 gnatil
564 3848 669 3914 nonno
686 3859 717 3912 te
735 3847 862 3913 miseret
880 3848 960 3913 mei?

265 3944 405 4008 Tantum
422 3942 561 4006 laborem
580 3943 691 4026 capere
708 3941 750 4006 ob
767 3941 863 4007 talem
879 3940 996 4007 ffliumi

269 4037 340 4124 Age
355 4034 533 4122 Pampliie,
550 4034 603 4101 exi
617 4032 799 4123 Pdmphiie:
817 4034 931 4122 ecquid
948 4036 979 4100 te
996 4032 1112 4123 pudet?
1154 4053 1181 4096 so

570 4192 580 4203 .-
588 4174 756 4203 ..um
762 4192 803 4203 ..ω
815 4196 824 4203 ..
830 4196 840 4203 ..
