2618 4462
178 195 248 306 '202
588 250 744 316 uncum
1003 252 1005 257 ’
1113 234 1116 241 ’
1145 257 1201 328 1,2

118 381 169 436 155
269 373 490 461 Superbumst
522 373 579 440 sed
595 373 682 441 illam
696 376 799 461 spero,
817 375 873 441 ubi
890 375 951 444 hoc
964 379 1147 465 cognduerit
1159 397 1187 440 so

268 468 341 532 Non
357 468 450 553 pdsse
466 489 501 532 se
518 488 643 532 mecum
659 469 739 546 esse,
758 468 915 535 abituram
934 470 1090 558 denique?

183 562 244 627 ΡΗ.
267 560 373 643 Quid?
399 562 520 627 interea
544 560 659 672 ibatne·
676 561 718 626 ad
739 562 951 630 Bacchidem?
985 565 1045 632 Pi.
1069 565 1146 633 Cot·
1257 617 1260 623 -

268 748 335 816 Sed
350 750 387 815 ut
402 750 448 828 iit,
465 655 735 835 postqualidllinc
746 751 886 817 ilienum
903 753 944 817 ab
962 755 1031 819 sese
1048 753 1146 832 uidet,

265 844 413 930 Maligna
428 844 527 909 multo
545 855 578 910 et
593 845 695 930 magis
712 866 831 931 procax
848 846 933 912 facta
947 847 1020 913 ilico
1038 861 1094 913 est.

115 945 166 1000 160
182 939 242 1003 Pn.
265 939 338 1004 Non
363 937 476 1024 edepol
501 938 625 1005 mirum.
676 939 736 1005 Pa.
762 939 872 1024 Atque
902 941 942 1006 da
971 964 1021 1008 res
1048 943 1145 1008 multo
1159 958 1186 1000 ⁸⁵

603 1034 753 1098 mixume

266 1125 413 1191 Diiinxit
428 1125 519 1191 illum
536 1125 578 1190 ab
589 1126 658 1204 illa3
676 1136 845 1213 postquam
861 1138 893 1194 et
909 1128 977 1214 ipse
995 1151 1028 1196 se

265 1220 310 1285 Et
325 1221 413 1286 illam
430 1230 461 1286 et
477 1219 560 1285 hanc
576 1240 658 1304 quae
676 1219 760 1285 domi
777 1231 845 1286 erat
861 1225 1012 1308 cognouit
1029 1222 1114 1287 satis.

268 1313 336 1400 [Ad
346 1314 525 1399 exemplum
535 1314 699 1379 ambarum
708 1336 811 1380 mores
820 1337 927 1381 earum
938 1311 1144 1402 existimans]

267 1409 367 1485 Haec,
384 1408 429 1472 lta
446 1407 493 1472 uti
510 1407 632 1472 liberali
650 1430 718 1473 esse
736 1408 863 1495 ingenid
880 1408 980 1487 decet,

265 1501 395 1567 Puddns
413 1501 566 1579 modesta,
584 1501 785 1567 inodmmoda
801 1513 898 1587 atque
914 1503 1043 1570 iniurias
1157 1520 1185 1563 ao

266 1596 336 1663 Viri
353 1595 454 1662 imnis
471 1596 554 1661 ferre
571 1607 604 1661 et
620 1597 728 1683 tegere
746 1597 961 1665 contumelias.

265 1691 329 1755 Hic
345 1690 443 1754 inimi
459 1690 574 1776 partim
591 1690 696 1755 uxdris
714 1689 925 1756 misericdrdia

266 1784 456 1862 Deulnotus,
473 1783 587 1869 partim
605 1786 708 1849 uictus
725 1784 819 1849 huius
836 1784 957 1850 iniuriis

264 1877 425 1944 Paulatim
442 1878 582 1963 elapsust
598 1877 751 1943 Bacchidi
769 1890 864 1961 atque
881 1879 946 1943 huo
961 1877 1119 1944 trinstulit

267 1972 427 2048 Amdrem,
445 1983 613 2057 postquam
629 1974 687 2057 pir
704 1972 873 2058 ingenium,
883 1975 996 2038 nactus
1013 1986 1070 2038 est.
1157 1990 1185 2033 ⁹⁶

264 2066 392 2131 Interea
408 2065 443 2128 in
461 2065 569 2130 Imbro
585 2065 716 2130 mdritur
733 2067 886 2152 cognatus
904 2089 1001 2131 senex

265 2160 412 2224 Horimc:
435 2182 474 2225 ea
491 2159 532 2224 ad
549 2159 606 2224 hos
623 2159 747 2224 redibat
762 2160 834 2247 lege
851 2159 1017 2225 hereditas.

238 2310 240 2315 s
266 2254 316 2319 Eo
334 2255 493 2319 amintem
509 2253 644 2318 inuitum
660 2253 865 2339 Ptmphilum
883 2255 1021 2320 extrudit
1037 2265 1137 2340 pater.

266 2347 427 2430 Relinquit
445 2369 517 2412 cum
535 2358 635 2412 matre
652 2346 703 2412 hic
721 2368 867 2424 uxorem
885 2350 958 2412 nim
977 2370 1074 2413 senex

265 2443 334 2507 Rus
351 2440 474 2507 abdidit
489 2464 533 2519 se,
550 2441 614 2506 huo
630 2442 701 2506 rdro
718 2441 752 2506 in
769 2441 880 2506 urbem
898 2442 1060 2508 cdmmeat.
1157 2462 1197 2503 roo

232 2585 241 2601 .
265 2534 353 2617 Quid
371 2535 474 2600 adhirc
490 2534 610 2600 habent
626 2535 816 2600 infirmitatis
833 2535 980 2620 nuptiae?

233 2678 240 2695 .
267 2631 362 2695 Nunc
379 2629 499 2694 addies.
533 2628 649 2715 primda
668 2629 735 2695 dies
753 2629 982 2715 complusculos

264 2725 353 2789 Bene
371 2723 561 2788 cdnuenibat
577 2725 653 2788 sine
670 2723 751 2788 inter
769 2745 832 2788 eas.
867 2723 992 2790 interim

265 2818 357 2883 Miris
374 2817 475 2881 modis
493 2817 596 2882 odisse
613 2818 716 2902 coepit
734 2815 924 2882 Sdstratam:

264 2911 378 2995 Neque
394 2911 465 2976 lites
482 2912 566 2976 ullae
582 2911 663 2975 inter
681 2933 745 2988 eas,
763 2910 932 2996 postuldtio
1156 2929 1197 2973 roo

264 3005 457 3090 Numqudm.
495 3005 555 3071 Pu.
574 3003 662 3086 Quid
678 3004 792 3090 igitur?
825 3005 884 3070 Pu.
904 3002 941 3071 si
957 3003 1084 3087 quando
1101 3005 1143 3070 ad

601 3120 671 3164 eam
688 3099 862 3164 accesserat

265 3190 524 3271 confabulatum,
543 3192 656 3279 frigere
673 3214 691 3258 e
709 3203 879 3278 conspectu
895 3191 977 3267 ilico,

263 3287 382 3352 Videre
399 3287 497 3353 noller
515 3286 652 3371 denique
668 3285 724 3351 ubi
740 3308 805 3351 non
822 3287 889 3370 quit
905 3285 981 3372 pati,

265 3379 400 3448 Simulit
425 3403 460 3449 se
480 3382 522 3447 ad
543 3392 676 3446 matrem
698 3379 816 3445 accersi
838 3379 878 3445 ad
903 3403 970 3445 rem
992 3378 1141 3459 diuinam,

600 3475 676 3540 abit.
981 3488 983 3494 “

263 3569 328 3636 Vbi
345 3569 409 3636 illic
427 3568 494 3634 dies
514 3578 561 3633 est
579 3568 758 3654 compluris,
777 3569 895 3633 accersi
911 3567 1012 3633 iubet:
1155 3586 1196 3630 uo

249 3664 382 3729 Dixere
399 3686 527 3728 causam
544 3663 649 3728 nescio
666 3684 762 3746 quam
780 3672 857 3727 tum.
893 3662 1006 3727 iterirm
1022 3659 1125 3726 iubet:

262 3758 363 3823 Nemi
380 3757 508 3822 remisit.
543 3757 709 3842 pdstquam
727 3766 891 3821 accersunt
908 3755 1043 3841 saepius,

262 3852 403 3937 Aegram
421 3852 492 3916 esse
509 3850 658 3915 simulant
674 3849 846 3915 mulierem.
881 3860 989 3914 nostra
1004 3848 1076 3912 ilico

261 3944 292 4008 It
309 3948 411 4010 uisere
429 3944 470 4009 ad
488 3966 572 4008 eamr
599 3944 725 4009 admisit
742 3965 845 4009 nemo.
881 3942 941 4008 hoc
957 3942 1013 4007 tbi
1031 3964 1128 4006 senex

261 4038 412 4116 Resoluit,
430 4037 498 4104 heri
516 4061 554 4105 ea
571 4039 665 4104 causa
682 4059 755 4103 rure
773 4037 835 4101 huc
852 4036 992 4115 aduenit,
1027 4099 1029 4103 ,
1155 4056 1196 4100 no
