2618 4462
209 259 272 323 214
616 273 771 329 adcisa
1100 274 1156 346 111,
1168 275 1232 330 aa

293 394 511 479 Sdlitudoque.
539 395 715 473 dfortuna
725 408 760 460 ut
776 395 949 478 nimquam
965 407 1118 482 perpetuo
1137 399 1173 462 ds

252 565 254 568 Ι
293 581 359 650 de
375 583 439 647 iam
457 583 543 669 prior
559 489 774 694 amdlioslddlad
791 583 872 648 hana
885 605 952 648 rem
965 583 1172 649 exercitatum

293 769 398 851 Quem
416 782 561 856 egotam
583 677 864 837 eoddlddlddiissum
886 769 960 835 feei:
983 768 1067 835 idem
1085 769 1173 836 hune

629 867 756 951 operam
774 864 866 929 dabo.

290 958 394 1023 Adest
405 957 564 1024 Parmeno
582 981 654 1023 eum
672 959 791 1046 pderis:
810 959 894 1023 hunc
907 958 1075 1023 minumest
1088 980 1172 1044 opus

290 1053 328 1116 In
347 1052 406 1117 hdo
423 1075 458 1118 re
475 1052 598 1131 adesse3
616 1076 690 1117 nam
709 1053 782 1118 dlim
800 1052 858 1116 soli
876 1052 1004 1129 credidi,
1185 1070 1213 1113 ω

291 1145 343 1209 Ea
359 1168 410 1211 me
428 1145 666 1211 abstinuissem
684 1145 847 1232 principio,
866 1147 961 1229 qudm
979 1146 1092 1211 datast.

290 1240 417 1317 Veredr‚
435 1239 464 1304 si
481 1241 650 1305 clamorem
666 1241 734 1306 eius
752 1239 803 1304 hie
820 1241 930 1305 erebro
949 1240 1066 1318 addiat,

289 1332 340 1397 Ne
357 1333 511 1419 parturire
527 1333 700 1419 intellegat.
736 1333 841 1417 aliqud
859 1333 966 1421 mihist

289 1427 375 1492 Hine
392 1427 598 1513 ablegandus,
617 1429 692 1493 daim
709 1427 791 1514 parit
807 1427 1006 1494 Phildmena.

334 1693 534 1758 Pindaso
601 1692 737 1760 Sasu
792 1693 1037 1758 Pamensavs

389 1809 476 1852 seam
650 1811 672 1850 11
815 1808 1008 1852 anmasemm

64 1822 281 2031 filas.
300 1897 365 1961 Ain
383 1898 418 1960 td
434 1897 492 1961 tibi
510 1898 570 1963 hoe
587 1897 821 1962 inedmmodum
840 1899 983 1962 euenisse
1001 1897 1078 1963 iter?
1166 1917 1224 1970 ma

206 1990 261 2057 So.
288 1991 360 2057 Non
378 1989 483 2055 hercle
500 1991 618 2069 uerbis,
635 1991 803 2069 ParmenO,
821 1991 884 2056 dial
899 2002 1003 2077 potest

287 2084 437 2160 Tanaim,
455 2106 552 2168 quam
568 2106 604 2150 re
620 2085 690 2170 ipsa
707 2085 859 2170 nauigare
877 2084 1150 2150 inadmmodumst.

204 2179 280 2243 Paa
299 2178 370 2243 Itan
389 2179 453 2243 est?
498 2176 553 2243 So.
578 2175 610 2243 0
628 2178 796 2256 fortunate,
814 2179 916 2243 neseis
934 2178 1011 2262 quid
1028 2178 1103 2244 mali

286 2270 501 2349 Praeterieris,
520 2270 575 2355 qui
592 2273 766 2356 nquuam
784 2295 817 2337 es
837 2273 998 2358 ingressds
1016 2294 1111 2337 mare.
1194 2293 1209 2335 s

134 2380 186 2434 420
287 2366 371 2430 Nam
389 2365 466 2430 alias
483 2377 519 2430 ut
536 2365 660 2431 mittam
677 2366 828 2442 miserias,
846 2389 943 2430 unam
961 2367 1043 2430 hane
1060 2366 1149 2432 uide:

287 2460 366 2525 Dies
384 2459 513 2545 triginta
531 2472 584 2525 aut
602 2461 673 2546 pleis
692 2460 779 2525 eoin
796 2461 872 2525 naui
892 2460 949 2536 fui,

288 2553 393 2635 Quom
411 2554 532 2620 interea
549 2576 673 2640 semper
690 2555 820 2620 mdrtem
835 2554 1042 2640 expectabam
1055 2554 1165 2635 misem

286 2647 337 2712 Ita
354 2649 455 2731 sisque
473 2649 608 2713 aduersa
625 2650 809 2734 tempestate
827 2650 877 2714 usl
895 2671 1012 2713 sumus.

202 2741 278 2805 Pla
298 2739 464 2806 Odidsum.
489 2740 544 2807 So.
563 2741 662 2806 Haud
675 2741 756 2806 elam
769 2764 820 2807 me
834 2751 890 2807 est.
910 2741 1046 2825 denique
1061 2740 1165 2809 hercle
1180 2764 1206 2804 ιο

624 2835 801 2920 aufdgerim

133 2950 184 3004 425
287 2929 397 2994 Potids
410 2950 506 3012 quam
519 2929 656 3006 redeam,
671 2930 697 2993 si
711 2931 748 2995 ed
762 2929 839 2993 mihi
852 2929 1047 2995 redeunddm
1056 2928 1164 2996 seiam.

200 3023 279 3086 Pla.
298 3021 386 3087 Ollm
404 3022 531 3105 quidem
549 3034 581 3088 te
599 3023 712 3088 eadsae
729 3023 931 3109 impellebant
948 3023 1044 3097 leues,

286 3115 383 3197 Quod
398 3117 483 3180 mina
501 3115 646 3180 minitare
663 3117 777 3194 facere,
800 3128 835 3181 ut
852 3117 982 3194 faceres,
1002 3116 1103 3182 Sdsia.

286 3208 353 3275 Sed
373 3209 577 3294 Pamphilum
595 3210 699 3294 ipsum
716 3211 809 3276 uideo
828 3223 911 3276 stare
929 3222 1002 3275 ante
1020 3210 1149 3276 datium:

285 3303 334 3368 Ite
350 3304 446 3379 lntr03
465 3325 525 3389 ego
543 3303 627 3369 huna
645 3303 750 3382 adibo,
768 3303 794 3368 si
811 3304 887 3387 quid
905 3305 956 3368 me
974 3290 1204 3461 wlff-fd

132 3419 183 3472 430
284 3398 358 3475 Ere,
378 3397 473 3462 etiam
491 3409 526 3462 tu
544 3396 595 3462 hia
612 3397 697 3463 stas?
738 3397 820 3463 Pam
847 3397 891 3462 Et
913 3397 1041 3480 quidem
1072 3419 1163 3464 eex-
1209 3470 1214 3477 ,

621 3492 722 3577 pecta.
765 3490 843 3556 Pas„
866 3490 953 3572 Quid
971 3490 1038 3556 est?

199 3584 281 3648 Pm.
300 3583 339 3648 In
356 3586 462 3651 arcem
485 3595 664 3650 transcurso
686 3587 765 3670 dpus
783 3595 838 3651 est.
887 3584 966 3649 Pa.
999 3584 1086 3666 Quoi
1106 3585 1164 3651 ho-

620 3679 714 3743 mini?
757 3679 839 3744 Pms.
861 3678 945 3743 Tibi.

198 3771 274 3835 Pla.
297 3771 335 3836 In
350 3772 474 3836 amem?
488 3771 564 3856 quid
578 3774 634 3837 eo?
657 3774 736 3838 Pam
752 3771 992 3838 Callidemidem
1006 3770 1162 3857 hdspitem

282 3865 479 3949 Mycdnium,
497 3865 551 3950 qui
568 3888 693 3931 meeum
709 3867 773 3931 dna
791 3876 925 3944 uectust,
943 3866 1088 3930 adnueni.

198 3960 275 4022 Pan.
292 3957 388 4024 Perii.
423 3959 549 4025 uouisse
567 3958 651 4025 hune
669 3960 782 4038 dicam,
800 3961 827 4024 si
845 3960 950 4024 saluds
970 3960 1099 4024 domum
1174 3982 1200 4024 a

129 4057 182 4115 435
282 4052 428 4119 Redisset
444 4074 606 4138 umquam,
624 4064 659 4119 ut
676 4077 727 4121 me
744 4054 936 4120 ambulando
953 4054 1133 4141 raimperet?
