2618 4462
110 261 144 331 V,
155 263 180 317 6.
193 263 218 317 6.
232 261 248 316 7
535 258 744 314 ADELPIIOE
1062 244 1126 311 275

132 399 146 441 ⁶
244 381 379 449 Seruom
397 382 483 448 haud
500 382 695 449 inliberalem
717 382 850 468 praebes
868 391 910 459 te,
927 382 960 447 st
977 381 1034 447 tibi

242 478 374 543 Lubons
400 477 481 543 bene
507 477 616 543 faxim.
656 474 711 543 Sr.
740 473 886 541 Grritiam
908 474 1020 542 habeo.
1060 475 1122 541 Da.

579 571 690 654 Atqui,
710 567 802 654 Syre,

241 665 315 731 Hoc
332 666 473 731 uorumst
490 675 522 731 st
539 664 609 750 ipsa
626 686 659 729 rc
676 663 837 749 experiere
859 662 1050 749 propediem.

474 926 592 994 Gara
656 925 805 992 Dauus

479 1042 591 1087 suavos
682 1041 778 1086 sunax
888 1060 891 1065 ·

106 1131 220 1198 vaus.
244 1133 324 1209 Era,
356 1154 416 1219 ego
443 1130 506 1196 haic
531 1131 572 1196 ad
596 1130 654 1196 hos
675 1133 816 1215 prouiso,
843 1153 938 1215 quarn
965 1152 1039 1195 mox
1060 1132 1124 1195 uir-

577 1247 684 1310 grnern

242 1320 426 1385 Accersant.
462 1319 519 1384 sed
537 1340 645 1385 eccum
664 1316 829 1383 Denream.
866 1318 969 1383 saluos
987 1317 1059 1382 sies.
1141 1327 1192 1382 890

157 1413 219 1479 Da.
243 1411 274 1478 Ο
298 1414 353 1497 qui
374 1413 508 1479 uocare?
552 1411 613 1478 Ga.
633 1410 725 1477 Geta.
769 1410 831 1476 Da.
852 1409 944 1489 Geta,
965 1411 1123 1477 hominem

578 1505 718 1571 mdxumi

240 1601 329 1666 Preti
347 1610 378 1666 te
396 1622 465 1666 esse
483 1599 575 1666 hodie
593 1598 732 1664 indicaui
750 1598 854 1664 animo
873 1620 959 1677 meo;

130 1713 144 1754 o
241 1695 324 1760 Nam
342 1693 368 1758 is
386 1693 463 1759 mihi
484 1693 657 1779 profectost
675 1694 784 1758 seruos
801 1693 960 1778 spectatus
978 1691 1064 1769 satis,

241 1787 327 1870 Quoi
345 1787 488 1853 dominus
507 1797 641 1865 curaest,
662 1789 707 1852 ita
724 1786 772 1851 uti
788 1785 846 1851 tibi
863 1789 957 1861 sensi,
977 1785 1071 1863 Geta,

240 1884 284 1947 Iit
301 1881 359 1947 tibi
376 1882 417 1946 ob
435 1905 505 1948 eam
522 1905 600 1959 rem,
618 1883 645 1946 si
662 1880 740 1965 quid
757 1903 833 1946 usus
851 1881 982 1954 utinerit,
1139 1889 1190 1944 895

240 1975 374 2040 Lubens
392 1976 473 2041 beno
490 1974 599 2041 faxim.
636 1974 770 2039 mcditor
787 1996 855 2039 esse
873 1974 1029 2052 adfabilis,

241 2069 286 2134 Et
312 2070 393 2135 baino
420 2069 569 2155 procedit.
623 2066 684 2134 Ge.
712 2068 820 2133 Bonus
849 2091 897 2145 es,
923 2091 1019 2153 quom
1045 2067 1123 2134 haec

581 2165 761 2228 existumas.

118 2279 142 2316 1⁰
156 2259 218 2323 Da.
240 2258 399 2323 Paulatim
418 2257 544 2344 plebem
561 2257 731 2343 primulum
749 2255 830 2323 inciti
847 2279 960 2322 meam.

237 2523 480 2587 Assoruuvs
531 2520 680 2585 Dauus
734 2519 868 2586 Sunvs
921 2518 1037 2585 Gara

262 2636 453 2681 novusrscaas
555 2635 649 2679 senex
756 2635 841 2679 snavr
959 2639 982 2679 11

107 2747 148 2794 vn
160 2727 219 2790 Au.
243 2723 404 2791 Occidunt
421 2747 472 2790 ure
489 2723 627 2806 quidem,
651 2725 726 2788 diam
743 2723 835 2789 nimis
853 2736 978 2790 sanctas
995 2726 1121 2812 nuptias

241 2818 377 2885 Student
395 2819 513 2884 facero:
532 2818 563 2882 in
583 2818 765 2905 adparindo
783 2819 970 2883 consumunt
989 2820 1081 2886 diem.
1138 2837 1190 2892 000

157 2914 219 2978 Dra
239 2912 327 2995 Quid
344 2913 460 2998 igitur,
479 2912 658 2978 Aeschine?
692 2913 754 2977 An.
773 2894 887 2989 Ehem,
909 2924 998 2998 pater
1014 2914 1068 2992 mi,
1087 2925 1122 2978 tu

577 3006 627 3070 iric
646 3006 735 3072 eras?

156 3101 217 3165 Dr.
236 3101 324 3164 Tuos
342 3099 447 3164 hercle
464 3121 540 3164 uero
558 3113 589 3166 ot
605 3099 711 3164 inimo
729 3111 760 3166 et
776 3100 890 3164 naturi
906 3117 1005 3185 pater,

130 3213 143 3252 a
241 3194 306 3275 Qui
329 3195 360 3258 tc
383 3205 464 3257 amat
488 3194 560 3279 pitis
582 3213 678 3277 quam
700 3193 795 3259 hosce
816 3193 932 3259 oculos.
968 3196 1023 3261 sed
1042 3217 1122 3280 quor

577 3288 640 3351 non
658 3287 787 3350 domum

242 3381 380 3446 onrem
407 3380 559 3445 accersis?
599 3382 660 3446 Aa.
684 3378 803 3466 Cripio;
829 3402 941 3446 uerum
963 3381 1022 3447 hoc
1044 3383 1120 3447 mihi

577 3488 724 3552 moreest,

240 3568 386 3633 Tibicinn
408 3579 440 3632 et
461 3568 672 3654 hymenaeum
690 3567 744 3650 qui
767 3568 902 3632 cantent.
945 3568 1009 3634 Da.
1036 3568 1119 3649 Eho,
1137 3586 1188 3641 005

240 3662 305 3728 Vin
331 3674 365 3727 tu
391 3661 465 3727 huic
492 3662 558 3727 seni
584 3661 780 3727 auscultaire?
822 3662 884 3726 Aa.
912 3661 1017 3741 Quid?
1056 3662 1119 3730 Dr..

577 3755 679 3820 Misso
697 3755 774 3820 hace
792 3755 872 3831 face,

240 3850 464 3934 Iiymonatium
482 3849 590 3914 turbas
608 3847 770 3934 lompadus
788 3849 942 3926 tibicinas,

246 3945 352 4024 Atque
371 3943 452 4007 hinc
470 3943 501 4006 in
520 3943 609 4007 horto
627 3942 795 4008 miceriam
813 3942 886 4008 iube
905 3944 986 4008 dirui

241 4036 402 4117 Quantum
418 4051 534 4123 potest:
553 4036 613 4103 hac
628 4037 776 4115 transier3
794 4059 890 4102 unam
907 4038 958 4103 sto
976 4038 1103 4103 domum
1109 4062 1119 4116 ;

899 4137 950 4194 18·
