2618 4462
498 847 826 919 PROLOGVS.

181 1068 283 1137 Poeta
301 1071 551 1159 quamprimum
569 1071 709 1137 inimum
727 1072 769 1138 ad
791 1072 991 1139 scribendum
1015 1073 1145 1161 adpulit,

181 1175 221 1238 ld
239 1174 299 1239 sibi
316 1174 425 1262 negoti
442 1174 573 1240 eredidit
590 1176 692 1240 solium
710 1175 788 1252 dari,

158 1339 165 1345 ..
181 1275 306 1362 Populo
324 1278 359 1342 rit
376 1278 537 1364 placerent
553 1277 632 1362 ques
650 1277 776 1344 fecisset
794 1278 928 1346 febulas.

149 1371 152 1377 ’
181 1378 302 1446 Verum
320 1379 410 1446 eliter
427 1380 553 1445 euenire
570 1380 670 1468 multo
687 1380 854 1468 intellegit3

153 1498 166 1540 c
183 1481 266 1547 Nam
283 1482 316 1546 in
333 1482 472 1569 prelogris
490 1482 666 1547 scribendis
684 1505 813 1570 operam
831 1484 981 1562 abutitur,
1180 1492 1198 1547 ὃ

181 1584 255 1649 Non
271 1584 326 1668 qui
344 1585 565 1671 drgumentum
584 1585 698 1662 nerret,
717 1585 773 1649 sed
791 1585 847 1670 qui
865 1586 1005 1651 meliuoli

183 1687 308 1753 Veteris
325 1691 437 1774 poetae
455 1687 630 1752 meledictis
648 1687 847 1772 respendeat.
891 1752 893 1755 ,

147 1834 151 1842 ·
181 1788 286 1867 Nune,
304 1789 399 1873 quern
414 1811 481 1854 rem
495 1788 572 1854 nitio
585 1789 670 1867 dent,
689 1810 807 1874 quaeso
821 1789 963 1855 animum
976 1788 1145 1855 adtendite.

182 1890 361 1956 Menander
378 1890 453 1956 lecit
470 1872 627 1956 Andriam
644 1903 676 1957 et
692 1891 900 1958 Perinthiam.

140 2013 165 2052 m
183 1993 249 2077 Qui
266 1993 419 2058 utremuis
436 2005 521 2060 recte
539 1994 632 2071 norit,
650 1994 761 2059 ambas
778 1994 916 2060 neuerit:
1164 2004 1198 2058 10

182 2096 255 2160 Non
272 2097 317 2161 ita
334 2095 477 2162 dissimili
495 2097 568 2162 scint
585 2107 783 2184 argumento,
802 2095 955 2162 ettamen

181 2197 336 2264 Dissimili
354 2198 494 2264 oratiene
511 2210 584 2264 sunt
602 2199 704 2264 factae
722 2200 759 2265 ec
777 2199 858 2264 stilo.

138 2296 142 2306 ’
184 2299 279 2383 Quae
298 2299 474 2367 cennenere
491 2299 526 2366 in
542 2281 700 2367 Andriam
718 2324 758 2367 ex
774 2301 939 2368 Perinthia
980 2317 983 2320 ’

182 2402 316 2468 Fatetur
333 2404 529 2469 transtulisse
546 2415 641 2488 atque
658 2427 752 2470 usum
770 2405 828 2491 pre
846 2404 921 2470 suis.

140 2523 166 2564 ιε
182 2505 222 2570 ld
238 2505 291 2571 isti
307 2505 490 2593 uituperant
506 2506 625 2572 fectum
644 2518 739 2591 atque
756 2506 789 2573 in
807 2529 844 2573 eo
863 2507 1024 2593 disputant
1163 2518 1199 2575 15

184 2605 401 2674 Conteminari
418 2609 482 2674 nen
500 2609 612 2674 decere
629 2609 764 2674 febulas.

180 2710 358 2785 Faciuntne
375 2709 599 2798 intellegendo,
616 2722 652 2791 ut
668 2712 714 2777 nil
731 2711 934 2796 intellegant?

145 2842 148 2847 ·
182 2811 249 2895 Qui
265 2834 362 2898 quom
380 2812 464 2879 himo
481 2824 641 2891 accusant,
659 2813 819 2879 Naeuium
836 2813 987 2878 Plautum
1005 2811 1146 2877 Ennium

182 2915 355 2994 Accdssnt,
372 2936 453 3000 qnos
470 2914 522 2981 hic
539 2915 646 2980 nester
662 2917 807 2981 auctores
824 2914 931 2992 habet,

139 3035 165 3076 so
183 3016 328 3100 Quorum
345 3016 497 3082 aemulari
514 3016 643 3104 exeptat
659 3017 889 3104 neclegentiam
1161 3029 1198 3085 20

179 3118 292 3185 Potius
310 3141 406 3205 quam
422 3121 554 3184 istorum
572 3119 738 3185 obscdram
757 3119 962 3207 diligentiam.

181 3220 307 3287 Dehinc
324 3223 360 3287 irt
376 3221 540 3307 quiescunt
556 3222 650 3309 perro
669 3245 781 3306 moneo
800 3234 831 3286 et
848 3221 992 3287 desinant

152 3407 154 3410 .
179 3323 268 3390 Male
286 3324 400 3402 dicere,
418 3324 586 3390 maleficta
603 3348 644 3390 ne
661 3324 792 3390 noscent
810 3346 878 3389 sua.

180 3426 312 3503 Fauete‚
331 3427 439 3492 adeste
456 3447 558 3511 aequo
576 3426 681 3491 inimo
700 3437 731 3491 et
747 3450 813 3492 rem
832 3423 1022 3512 cognescitc,

137 3545 164 3588 2⁶
180 3531 226 3596 Vt
242 3528 446 3614 pernoscatis,
463 3528 574 3614 etquid
593 3529 659 3615 spei
678 3529 717 3592 sit
735 3528 902 3605 relicuom,
1138 3539 1140 3545 '
1162 3540 1197 3596 25

179 3630 318 3696 Posthec
335 3652 415 3716 quas
432 3630 527 3696 faciet
545 3631 584 3696 de
602 3631 725 3717 integro
743 3631 932 3706 comoedias,

180 3719 381 3818 Spectiindae
400 3756 441 3799 an
458 3732 633 3820 exigendae
651 3728 714 3798 sint
731 3733 822 3798 uobis
839 3733 937 3818 prius.
