2618 4462
182 272 246 339 250
563 285 772 344 ADELPHOE
1113 286 1199 358 111,ss

266 409 329 474 Tot
356 411 406 475 res
432 421 560 496 repente
583 410 821 476 circumuallant
846 431 890 485 se,
916 410 1001 475 inde
1027 409 1147 496 emergi

266 499 270 508 ’
604 505 668 568 nen
687 513 804 588 potest:

265 598 323 662 Vis
341 607 464 682 egestas
482 597 635 662 iniustitia
652 597 786 662 selitudo
802 595 942 660 insemie.
1171 612 1185 655 e

267 690 388 755 Heeine
405 690 558 756 saeelumi
581 713 600 755 o
619 692 747 766 seelera,
769 711 923 776 ogenera
945 690 1107 776 sectilega,
1125 710 1146 754 0

603 784 762 849 hominem
779 783 914 869 inpium!

111 884 163 938 305
180 876 236 943 So.
263 877 320 943 Me
344 880 501 956 miserem,
524 878 695 963 quidnam
717 888 764 942 eet
787 878 872 961 qued
888 877 934 942 sie
951 876 1045 942 uideo
1062 875 1146 940 timi·

603 971 679 1035 dum
697 982 730 1035 et
746 973 968 1056 properantem
987 971 1121 1035 Getam?

181 1063 240 1129 Gn.
264 1063 370 1145 Quem
399 1065 502 1149 neque
533 1064 611 1129 fides
641 1085 746 1148 neque
770 1063 820 1129 its
846 1064 1014 1129 iurandum
1040 1066 1144 1148 neque

599 1158 688 1223 illum
706 1157 920 1223 misericerdia

263 1252 425 1337 Repressit
453 1273 556 1336 neque
579 1251 701 1317 reflexit
720 1273 824 1336 neque
851 1252 937 1335 quod
962 1255 1070 1337 pertus
1096 1251 1145 1316 in·

600 1345 706 1412 etabet
726 1368 835 1432 prope,

263 1441 348 1523 Quoi
369 1442 502 1507 mieeree
523 1440 654 1527 indigne
675 1443 732 1527 per
754 1440 820 1505 uim
842 1440 954 1506 uitium
976 1441 1183 1507 obtirlerat.1o

601 1534 657 1601 So.
680 1534 753 1599 Non
770 1535 920 1620 intellego

123 1650 126 1655 ·
263 1628 348 1694 Setis
366 1651 447 1712 quae
465 1629 612 1712 loquitur.
641 1626 701 1694 On.
719 1629 856 1715 Prepius
869 1630 999 1695 obsecro
1011 1630 1145 1696 emeda·

598 1745 680 1800 mus,
699 1721 854 1788 Sestrata.
892 1721 954 1789 Gn.
977 1724 1041 1801 Ah,

261 1816 319 1881 Me
341 1817 500 1894 miserum,
528 1817 582 1881 uix
605 1839 675 1882 sum
697 1818 826 1902 eempos
849 1817 956 1895 animi,
981 1818 1025 1883 ita
1046 1818 1143 1884 erden

599 1911 770 1976 iraerindia.

261 2005 314 2070 Nil
339 2006 386 2070 eet
408 2005 495 2089 quod
515 2005 623 2070 malim
645 2026 740 2088 quam
761 2006 848 2070 illam
871 2016 968 2070 totam
990 2005 1143 2071 semiliam

598 2100 666 2164 dari
683 2100 726 2164 mi
745 2100 882 2178 ebuiam,

260 2194 305 2263 Vt
327 2217 388 2281 ego
410 2195 492 2260 hene
514 2195 594 2260 iram
615 2195 648 2259 in
670 2216 723 2259 eos
746 2197 891 2259 euomem
908 2217 1043 2270 omnem,
1065 2196 1143 2260 dum

597 2288 763 2374 aegritudo
781 2288 859 2355 haee
877 2290 924 2354 est
940 2311 1058 2355 reeens,

261 2382 364 2470 [Satis
382 2383 458 2448 mihi
475 2384 509 2448 id
522 2383 656 2448 habeam
671 2384 815 2469 supplici,
834 2384 911 2449 dum
924 2385 994 2449 illos
1008 2384 1143 2451 ulciscar
1156 2406 1182 2446 ιε

597 2474 719 2563 mode]

263 2571 338 2637 Seni
357 2571 495 2636 enimam
513 2571 649 2656 primum
668 2573 885 2657 extinguerem
903 2571 974 2658 ipsi,
991 2573 1045 2656 qui
1063 2573 1142 2639 illud

598 2665 747 2750 produxit
764 2665 882 2743 eoelum

260 2759 343 2823 Tum
359 2760 463 2823 eutem
478 2757 596 2844 Syrum
609 2759 810 2844 inpulserem,
828 2758 902 2837 ueh,
921 2760 1035 2843 quibus
1051 2760 1142 2826 illum

599 2853 769 2918 lacerarem
788 2852 902 2918 modiei

263 2946 428 3012 Sublimen
446 2946 586 3012 medium
605 2947 775 3032 arriperem
793 2960 823 3012 et
841 2948 942 3033 eapite
959 2949 1091 3033 prenum
1108 2949 1143 3014 in

597 3052 681 3105 terra
698 3041 878 3119 stituerem,

260 3135 305 3201 Vt
323 3135 451 3200 cerebro
469 3134 630 3219 disperget
646 3134 742 3199 uiam.

259 3210 467 3294 riduleeeenti
484 3228 545 3314 ipsi
563 3228 715 3312 eriperem
733 3228 851 3305 oeulos,
868 3229 938 3313 pest
955 3229 1033 3294 haee
1050 3252 1143 3315 prae·
1155 3251 1183 3293 m

599 3321 725 3407 cipitem
743 3322 861 3387 darem.

262 3413 394 3481 Geteroe
424 3437 547 3481 ruerem
574 3416 702 3501 egerem
728 3438 886 3501 raperem,
918 3416 1082 3481 tenderem
1110 3430 1142 3483 et

598 3511 837 3594 prosternerem.

263 3604 329 3671 Sed
347 3606 435 3669 cesso
454 3626 539 3668 erem
558 3604 618 3668 hoe
635 3604 718 3668 malo
734 3602 882 3690 inpertire
899 3606 1048 3690 prepere?
1083 3603 1142 3672 So.
1193 3646 1195 3655 ·

596 3696 808 3768 Reuocemris:
839 3696 932 3763 Geta.
965 3697 1024 3763 Gn.
1044 3699 1142 3777 Hem,

196 3784 203 3794 '⁴
260 3791 412 3876 Quisquis
426 3814 470 3869 ee,
489 3791 555 3856 sine
569 3812 629 3885 me.
657 3789 713 3856 So.
732 3775 804 3877 Ego
819 3814 887 3856 eum
902 3790 1053 3857 Sostrate.
1078 3790 1142 3859 Gn.

597 3883 662 3950 Vbi
680 3887 765 3948 east?
784 3898 815 3950 te
832 3885 932 3970 ipsam
951 3885 1102 3969 quaerito,

259 3980 307 4044 Te
324 3980 474 4064 expeet03
492 3977 608 4063 oppido
627 3978 800 4063 epportune
819 3991 850 4062 te
866 3978 1007 4044 ebtulisti
1024 3979 1067 4043 mi
1084 3980 1144 4044 eb-

541 4126 545 4134 .
596 4095 714 4138 uram„
