2618 4462
183 228 247 301 272
560 241 770 302 ADELPHOE
1138 242 1206 316 Μ

268 367 308 431 Id
326 368 365 432 ds
382 368 470 432 luero
487 370 598 454 putito
616 390 685 433 esse
702 389 805 433 omne.
840 366 920 434 haee
937 369 965 432 sl
981 367 1069 432 uoles

268 462 307 526 In
325 463 432 527 inimo
449 484 525 526 uere
543 461 691 547 edgitare,
710 461 844 540 Demea,

269 555 312 620 Et
330 557 375 620 mi
392 557 423 620 et
441 555 498 619 tibi
516 567 548 621 et
564 555 626 620 illis
644 554 818 641 dempseris
836 555 1021 620 molestiam.

114 655 166 708 820
183 647 245 712 Dr.
267 648 934 714 Mitterem:eonsuetiidinema'mbordm..
960 648 1021 714 Mr.
1035 647 1150 712 Mane:

268 741 358 809 Seio:
376 744 459 808 lstue
475 742 571 809 ibam.
606 741 707 808 mdlte
723 742 757 808 in
775 741 911 820 homine,
929 742 1064 818 Demea,
1163 756 1192 798 ³⁵

269 835 370 920 Signa
386 837 504 913 insunt,
523 858 563 901 ex
581 836 696 919 quibus
714 835 892 901 odnieetura
910 835 1002 900 ieeile
1019 836 1065 912 fit,

268 930 344 994 Duo
362 930 457 1014 quem
474 929 559 994 idem
577 929 709 1005 iaciunt,
728 931 822 1015 saepe
839 940 876 994 ut
891 928 994 1014 possis
1012 929 1115 994 dicere

268 1024 356 1087 ‘Hoe
373 1023 447 1088 lieet
465 1023 583 1107 inpune
601 1022 706 1088 fecere
723 1023 807 1101 huie,
824 1022 870 1087 illi
887 1024 949 1088 ndn
966 1023 1064 1100 lieet’‚

268 1117 340 1181 Non
357 1117 420 1200 que
438 1116 597 1181 dissimilis
615 1117 665 1180 res
683 1116 734 1194 sit,
752 1116 808 1183 sed
825 1138 889 1201 quo
906 1117 933 1181 is
950 1118 1005 1200 qui
1022 1116 1107 1180 iacit.

268 1209 361 1289 Quae
378 1231 439 1296 ego
457 1210 559 1275 inesse
577 1210 609 1274 in
627 1209 689 1274 illis
707 1211 810 1288 uideo,
832 1220 868 1274 ut
886 1210 1043 1275 confidem
1060 1209 1128 1274 lore
1162 1227 1192 1267 ιο

266 1303 316 1368 Ita
334 1315 369 1368 ut
386 1303 542 1368 udlumus.
578 1302 672 1368 uideo
691 1325 744 1369 ees
763 1306 884 1389 sipere,
906 1303 1098 1390 intellegere,
1115 1304 1150 1366 ln

522 1456 525 1460 Α
606 1397 676 1461 loeo

265 1489 387 1567 Vereri,
405 1489 487 1554 inter
504 1512 539 1554 se
556 1493 677 1555 emere:
695 1489 781 1555 seiris
798 1489 933 1556 liberum

266 1583 436 1668 Ingenium
453 1594 548 1667 etque
566 1583 720 1648 animum:
738 1583 801 1667 qud
818 1583 868 1648 uis
885 1583 955 1648 illos
972 1583 1009 1648 td
1025 1583 1076 1648 die

267 1677 447 1742 Redddees.
483 1689 516 1742 at
533 1677 618 1742 enim
640 1677 773 1754 metuas,
789 1699 831 1744 ne
849 1677 891 1742 ab
907 1699 942 1743 re
959 1678 1022 1743 sint
1038 1691 1146 1743 temen

266 1768 458 1836 Omissiores
476 1772 581 1856 paldo.
616 1781 760 1836 onoster
776 1770 911 1848 Demea,
1161 1787 1190 1829 ⁴⁵

265 1865 321 1929 Ad
338 1865 444 1929 dmnia
461 1866 523 1929 alia
540 1867 643 1935 aetite
661 1864 801 1950 sapimus
818 1864 948 1942 rectius3

268 1958 381 2024 Solum
398 1959 499 2022 dnum
516 1958 576 2023 hoe
597 1958 711 2023 uitium
733 1958 835 2025 adfert
853 1968 999 2025 senectus
1016 1956 1149 2022 hemini-

608 2052 681 2116 bus:

265 2144 470 2210 Adtentiores
488 2144 596 2208 simus
615 2144 655 2208 ad
673 2166 740 2208 rem
758 2165 879 2221 omnes,
897 2145 993 2228 quim
1011 2154 1060 2209 set
1077 2157 1139 2210 est:

266 2239 362 2319 Quod
394 2237 462 2302 illds
494 2249 542 2303 sat
573 2247 659 2303 aetas
685 2239 788 2304 deuel.
840 2238 903 2303 De.
937 2239 986 2303 Ne
1015 2238 1148 2303 nimidm

605 2332 699 2397 mode

266 2428 376 2492 Bonae
394 2437 467 2492 tuae
485 2426 564 2491 isiae
581 2428 638 2491 nds
656 2427 802 2503 rationes,
820 2426 930 2504 Micio,
1161 2445 1189 2488 ee

265 2521 309 2586 Et
326 2523 397 2586 lires
415 2521 474 2585 iste
492 2520 616 2585 animus
633 2522 752 2604 aequos
769 2519 943 2585 subuertit.
970 2519 1028 2584 Mr.
1045 2519 1147 2586 Tace:

264 2617 337 2681 Non
355 2615 421 2679 liet.
456 2614 545 2679 mitte
562 2614 626 2681 iam
642 2615 755 2691 islaee;
773 2612 815 2678 da
832 2625 864 2678 te
881 2613 974 2678 hodie
991 2613 1082 2680 mihi:

265 2710 415 2795 Experge
432 2709 578 2774 frontem.
622 2707 683 2772 Dr.
707 2706 835 2774 Scilicet
851 2708 895 2772 ila
912 2710 1037 2794 tempus
1055 2709 1132 2775 fert:

266 2803 506 2868 Faeidndumst.
542 2813 680 2867 ceterum
699 2803 759 2886 ego
777 2825 831 2866 rus
848 2823 917 2866 eras
936 2824 1007 2867 eum
1025 2801 1091 2866 filie

266 2895 349 2963 Cum
367 2898 469 2981 prime
486 2895 550 2960 luei
567 2895 620 2959 ibo
638 2895 721 2961 hine.
756 2894 815 2960 M1.
837 2895 890 2961 De
907 2906 1001 2960 noete
1018 2897 1146 2963 censeo:
1160 2915 1189 2958 ss

265 2990 371 3055 Hodie
389 2990 483 3054 mode
501 2988 636 3054 hilarum
653 2987 705 3053 lde
722 3000 763 3053 te.
807 2988 869 3053 Dr.
893 2987 935 3054 Et
953 2989 1046 3054 istem
1064 2991 1148 3075 psel-

605 3082 699 3147 triam

265 3178 339 3242 Vna
360 3176 435 3241 illue
458 3197 584 3241 meeum
606 3174 679 3240 hine
700 3174 891 3239 ibstrahem.
934 3174 993 3240 M1.
1016 3175 1149 3261 Pugni-

603 3291 704 3334 uer1s:

264 3363 313 3427 Eo
331 3364 424 3449 peleto
442 3384 588 3448 prorsum
605 3363 651 3429 illi
669 3361 820 3448 ddligeris
838 3361 949 3428 lilium.

264 3457 364 3522 Modo
390 3456 486 3522 fdeite
512 3466 547 3520 ut
576 3456 663 3522 illam
693 3458 813 3523 serues.
864 3455 928 3522 Dr.
962 3456 1036 3542 Ego
1065 3456 1148 3524 istuc

531 3568 532 3572 ’
602 3551 722 3616 uidero.

263 3649 374 3728 Atque
391 3643 436 3708 lbi
454 3643 581 3708 fauillee
599 3644 702 3728 plena,
720 3642 800 3708 fumi
818 3665 855 3708 ae
872 3643 998 3729 pellinis
1160 3664 1189 3707 ee

264 3736 441 3820 Coquendo
459 3737 500 3802 sit
516 3737 591 3801 faxo
609 3738 641 3802 et
657 3737 819 3815 molend03
836 3739 961 3823 praeter
978 3737 1058 3803 haee

263 3830 399 3896 Meridie
417 3830 486 3917 ipse
504 3830 619 3896 ficiem
637 3843 672 3896 ut
690 3831 838 3918 stipulam
856 3832 996 3918 edlligat:

262 3925 345 3991 Tam
371 3926 533 3992 exedetem
558 3924 688 3990 reddam
715 3936 811 4010 aeque
835 3927 938 3992 ettam
957 3944 1055 4012 qum
1075 3942 1147 3995 ew·

601 4019 681 4085 best.
724 4019 784 4086 M1.
806 4018 935 4090 Placete
1261 4108 1264 4115 Ι
