2618 4462
184 254 243 320 128
560 265 766 327 nvachs
1116 267 1198 340 IV&

265 392 310 460 Vt
338 413 400 478 ego
428 391 589 478 daguibue
621 391 714 458 faeile
740 391 788 458 illi
812 391 847 457 in
871 392 981 459 oeulos
1006 393 1146 463 inuelem

601 482 758 551 uendfieol

180 580 239 644 ΡΥ.
260 578 375 644 Nescio
406 579 483 663 quid
512 578 654 664 profecto
681 578 812 645 absente
838 577 929 645 ndbie
954 577 1146 645 turbatdmst

602 671 698 738 domi.

112 776 163 831 650
264 766 381 832 Adibo.
402 766 480 850 quid
492 765 592 831 istuc?
613 765 690 849 qum
702 763 853 834 festinae?
870 763 925 831 adt
939 785 1034 850 quem
1047 786 1146 849 quae-

573 859 650 937 ris,
668 858 822 944 Pythiae?

178 954 238 1018 ΡΥ.
260 953 364 1019 Ehem
376 952 545 1032 Phaedria,
563 975 624 1039 ego
641 974 736 1037 quem
749 953 918 1037 quadram?
935 952 977 1018 in’
990 953 1065 1019 hine
1082 976 1147 1038 quo

599 1047 725 1133 dignu'e
743 1069 816 1112 eum
833 1046 924 1112 dense
942 1047 1004 1113 tuie

263 1141 346 1206 Tam
362 1140 493 1227 lepidis?
534 1141 595 1207 ΡΥ.
618 1140 707 1223 Quid
723 1141 804 1206 istuc
821 1141 869 1206 det
887 1143 951 1207 re'r'?
1158 1160 1185 1200 ιο

178 1235 236 1300 ΡΥ.
260 1236 367 1321 Rogata
393 1236 463 1301 me?
489 1235 670 1300 eunuchum
696 1235 792 1319 quem
813 1234 927 1301 dedisti
949 1236 1037 1301 ndbie
1065 1257 1144 1320 quas

598 1330 706 1395 turbae
723 1328 823 1395 dediti

263 1422 368 1505 Quem
387 1444 459 1489 erae
477 1423 560 1488 dono
577 1422 706 1489 dederet
719 1423 819 1501 miles,
837 1423 994 1509 uirginem
1009 1425 1144 1491 uitiauit.
1169 1507 1173 1514 Ι

111 1595 112 1600 1
599 1517 660 1585 Pa.
684 1517 772 1600 Quid
789 1518 855 1585 a'r'e?
1051 1534 1053 1538 ‘
1173 1516 1193 1547 ⁵

110 1609 161 1668 655
177 1609 236 1675 ΡΥ.
259 1610 354 1677 Perii.
388 1609 449 1676 ΡΥ.
467 1610 691 1677 Temuldnta’e.
721 1611 780 1676 ΡΥ.
798 1610 928 1694 Vtinam
947 1612 992 1676 etc
1009 1611 1073 1677 sint
1090 1613 1144 1696 qui

599 1704 676 1770 mihi
693 1705 775 1770 male
792 1704 918 1771 uolunt!

178 1801 242 1866 Do.
261 1800 316 1866 Au
334 1799 477 1878 dbeecro,
500 1821 571 1864 mea
588 1798 737 1884 Pythias,
760 1800 845 1884 quod
862 1801 944 1865 {etue
961 1823 1035 1864 nam
1054 1823 1144 1866 mon-

599 1893 697 1957 etrdm
715 1893 794 1959 fuit?

177 1988 238 2053 Pu.
261 1988 399 2053 Insania:
413 1986 468 2072 qui
481 1985 562 2052 ietue
572 1985 676 2052 fdeere
686 1986 849 2052 eunuchus
858 1987 977 2073 petuit?
1002 1988 1061 2053 ΡΥ.
1072 1989 1144 2076 Ego
1157 2009 1183 2050 re

599 2080 689 2145 illum
706 2081 812 2147 neseio

263 2177 328 2258 Qui
346 2176 455 2253 sderit3
474 2174 533 2240 hoe
550 2174 635 2261 quod
653 2175 738 2253 feeit,
755 2197 805 2240 ree
822 2175 892 2262 ipsa
909 2175 1036 2241 indicat.

261 2272 363 2357 Virgo
376 2271 445 2356 tpea
457 2269 610 2337 lacrumat
623 2269 736 2354 neque,
755 2290 850 2354 quom
864 2269 992 2356 rogites,
1010 2270 1086 2354 quid
1103 2270 1143 2336 eit

600 2362 694 2430 audet
714 2362 827 2428 dicere.

262 2458 320 2523 Ille
338 2458 444 2525 aetem
462 2457 563 2524 bonue
576 2456 626 2521 uir
638 2457 795 2540 adequam
808 2456 948 2542 adparet.
975 2456 1069 2521 etiam
1083 2457 1144 2522 hoe
1171 2457 1173 2460 ’

599 2549 714 2621 misera
731 2550 884 2636 edepieor,

262 2645 395 2729 Aliquid
413 2645 506 2710 domo
524 2644 693 2712 abeuntem
710 2644 887 2711 abstulisse.
922 2644 983 2711 ΡΥ.
1010 2643 1142 2728 Nequeo

601 2737 707 2802 mirari
724 2736 810 2816 eatis,

181 2844 183 2848 ‘
264 2833 337 2916 Quo
355 2833 408 2900 ille
426 2833 495 2898 hine
512 2831 599 2898 abire
616 2832 750 2920 ignauos
767 2830 868 2917 poeeit
884 2829 1021 2917 ldngiue,
1038 2831 1099 2896 nisi
1116 2833 1143 2896 ei
1155 2851 1181 2892 aa

599 2925 727 2991 domum

261 3024 357 3090 Forte
379 3022 420 3086 ad
441 3042 506 3086 noe·
521 3020 623 3086 rediit.
666 3020 724 3086 ΡΥ.
748 3020 825 3087 Vise
847 3020 971 3098 amabo,
992 3020 1069 3085 ndm
1091 3021 1141 3087 eit.

600 3114 661 3180 Pu.
683 3114 753 3178 Iam
770 3113 844 3179 faxd
861 3113 950 3179 eeiee.
967 3150 1011 3162 -

180 3212 242 3276 Do.
260 3208 356 3287 Perii,
374 3207 518 3275 dbeecrol
538 3219 603 3273 tam
620 3207 785 3273 infandum
803 3207 936 3285 faeinue,
954 3209 1026 3273 mea
1038 3222 1083 3286 tu,
1101 3233 1141 3276 ne

602 3301 711 3368 audiui
728 3302 865 3386 quidem.

110 3407 161 3461 665
177 3399 236 3464 ΡΥ.
258 3398 307 3463 At
322 3396 373 3483 pel
392 3418 453 3482 ego
471 3397 626 3461 amatores
645 3395 806 3461 audieram
823 3395 989 3462 mdlierum
1003 3419 1072 3462 eeee
1089 3421 1142 3464 eoe

603 3492 779 3568 maxumoe,

264 3585 330 3651 Sed
351 3585 395 3648 nil
416 3596 556 3670 poteeee3
578 3585 690 3649 uerum
712 3584 843 3651 miserae
865 3583 928 3650 ndn
950 3584 983 3649 in
1004 3598 1142 3651 mentem

599 3680 744 3757 ueneram

263 3775 346 3840 Nam
372 3775 460 3838 illum
488 3773 595 3857 aliquo
622 3773 844 3838 eoneluer'eeem
867 3795 969 3857 neque
991 3772 1036 3837 illi
1058 3773 1141 3838 edm·
1155 3793 1180 3834 ae

599 3866 753 3933 misieeem
770 3866 937 3955 uirginem.
