2618 4462
569 252 739 296 emunire
1154 247 1193 294 lx

117 377 149 417 re
242 361 349 416 variato
380 362 498 418 clamore
526 362 553 416 ei
580 361 647 416 vitio
664 359 812 417 Eunuchus
817 361 1193 418 contaminationeconfectoe

118 430 157 484 da
176 434 231 484 aut.
248 431 285 484 ab
293 429 372 484 initio
381 430 453 485 enim
461 429 541 484 latini
548 436 647 501 poetae
665 433 736 483 sunt
757 429 856 485 deinde
867 445 932 484 vero
940 429 1030 486 critici
1036 429 1111 484 illiue
1118 434 1193 485 aeta·

117 498 212 553 iudea
221 497 303 552 Livio
313 498 480 566 Andronico,
495 515 558 552 cum
568 515 647 569 grae·
664 496 700 550 tis
715 513 826 567 prorsus
842 514 926 552 novas
939 515 993 554 nec
1006 498 1064 553 iam
1079 498 1116 552 eb
1131 497 1194 552 aliis

118 582 165 620 cae
193 565 303 621 fabulas
328 564 413 623 latine
440 571 590 635 verterent,
617 566 648 620 id
664 569 795 620 tractatas
818 582 877 621 esse
901 566 1002 621 debere
1020 566 1131 621 fabulae
1149 566 1194 620 rel

116 633 288 702 potissimum
302 635 435 704 egebant,
455 639 486 689 ut
501 650 550 688 eas
565 650 646 705 quam
664 638 736 687 totas
748 635 792 688 vel
807 639 900 704 partes
911 650 1005 689 carum
1017 633 1193 702 dictitabant,

118 701 235 756 maxime
251 701 362 757 auribus
378 707 407 756 et
416 701 541 757 sensibus
552 702 646 772 populi
683 701 763 755 uibus
779 700 860 756 dictis
876 702 1023 757 Terentius
1038 702 1083 757 rel
1095 719 1194 758 revera

118 769 223 825 romani
232 770 427 841 adaequarent,
438 769 567 825 subtilem
576 786 646 824 com·
693 769 1194 841 bulamsuamncramesseiridiisqq.)

117 837 242 919 ponendi
253 843 340 893 artem
355 838 400 892 rel
415 853 517 920 mores·
531 854 646 918 'ersona-
664 837 708 890 vel
727 854 758 892 sc
777 838 924 919 nesdrisse
942 839 1090 909 respondet
1108 838 1195 893 alium

117 906 647 1044 adsectatae
664 906 1193 1056 εεεεειεεεειέεεεεεε

114 1047 244 1096 curantes
269 1042 645 1111 uamcasrirtutes,quaeru-
664 1040 711 1109 (ib.
732 1042 775 1096 at.
796 1042 831 1097 35
850 1050 925 1164 Ἣ
943 1043 1013 1096 mhil
1034 1043 1143 1113 peccati
1164 1042 1194 1096 in

118 1108 248 1164 diamet'
272 1108 577 1165 'teretcrumlromiuum
589 1109 646 1164 ani·
664 1124 697 1162 eo
707 1108 798 1164 inesse
814 1109 906 1164 sibim
927 1111 975 1178 eri,
991 1111 1065 1181 quod
1079 1110 1194 1166 eaedem

117 1194 177 1232 mos
186 1176 296 1232 allicere
306 1183 336 1233 et
343 1183 455 1248 captare
466 1183 586 1248 possent,
602 1195 646 1232 ac·
664 1193 780 1248 graecae
796 1177 907 1233 fabulae
924 1185 973 1233 aut
992 1186 1085 1250 partes
1101 1195 1195 1234 earum

115 1246 200 1300 tionis
210 1246 371 1301 mrietetem
379 1251 408 1300 et
416 1245 595 1327 alacritatem,
605 1245 646 1300 in·
664 1244 811 1299 adirersis
826 1246 918 1301 latinis
934 1247 1023 1318 poetis
1034 1252 1192 1302 tractentur.

117 1313 218 1368 citatos
240 1314 387 1383 multisque
407 1319 436 1368 et
458 1314 646 1385 petulantibus
664 1312 688 1367 si
703 1319 848 1383 praetcrea
858 1313 950 1382 (Phor.
960 1317 987 1382 t)
1002 1314 1154 1371 adversarii
1168 1316 1194 1370 ei

117 1381 185 1436 iocis
195 1381 364 1437 intermixtos
379 1397 523 1437 sermones.
546 1382 647 1436 sensim
664 1381 855 1436 obtrectabant
883 1382 1005 1438 ‘fabulae
1032 1383 1109 1438 tenui
1131 1400 1192 1438 esse

117 1466 183 1572 binim
194 1455 222 1505 ct
230 1449 377 1573 birinum
390 1449 494 1572 inlitibio
504 1450 647 1572 {rominuffi
664 1450 786 1570 orattione
796 1451 966 1572 eimipntffia
974 1450 1029 1505 leui
1039 1450 1195 1574 ’'idgletitffien

175 1535 230 1573 uan
271 1535 378 1573 umex
489 1534 589 1574 eexc
663 1534 713 1570 run
775 1533 882 1571 uo-
946 1535 1028 1574 srer
1120 1535 1168 1574 c

117 1534 258 1658 rebeccae
266 1587 329 1641 illes
339 1533 422 1640 entlbb
431 1585 545 1641 uirtutes
554 1587 647 1657 magni
663 1532 865 1653 atqu'eqminus
892 1586 959 1640 mali
998 1603 1014 1641 e
1037 1619 1070 1628 -
1091 1587 1195 1670 posteri

115 1654 263 1710 aestimare
285 1660 433 1725 coeperunt
459 1653 646 1736 imprimisque
664 1669 772 1734 quoque
793 1653 882 1709 minus
904 1656 951 1709 lau
970 1656 1071 1710 andum
1090 1673 1120 1709 ιιι
1138 1656 1194 1710 Te-

118 1721 243 1777 homines
253 1721 327 1778 docti
336 1726 364 1776 et
372 1721 564 1793 quiiniitteris
592 1740 646 1778 rm-
663 1723 988 1778 rentroessecenscbant.
1008 1723 1112 1778 sedatis
1121 1723 1194 1778 enim

118 1791 240 1860 cipetum
250 1791 387 1861 quendem
403 1790 456 1845 sibi
472 1806 534 1844 erro
554 1807 571 1844 a
626 1796 646 1860 t,
664 1788 782 1844 motibus
794 1795 823 1844 et
833 1790 936 1845 reiecta
947 1791 1101 1862 grauiorum
1112 1791 1194 1846 affec-

117 1857 245 1930 flagitare
272 1858 449 1926 insistebant,
482 1808 741 1913 reintraturum
756 1858 945 1928 concitatione,
962 1860 1018 1914 leni
1034 1861 1194 1942 plerumque

118 1927 275 1982 comoediae
298 1926 406 1998 graccis
428 1941 512 1994 quam
531 1926 646 1982 maxime
665 1930 693 1980 at
719 1926 857 1996 aequabili
885 1927 996 1983 flumine
1025 1944 1113 1982 sermo
1136 1945 1195 1983 erue

116 1993 221 2048 similes
231 1995 387 2050 crederent.
407 1994 474 2049 hinc
481 2011 546 2049 rero
554 1995 647 2065 graeci
664 1993 774 2062 labitur,
787 1994 828 2048 ita
840 1999 872 2048 ut
881 1994 1107 2062 Verro(Gell.Vl
1117 1997 1158 2065 14,
1167 1997 1194 2064 6)

116 2061 216 2118 eoloris
238 2061 322 2117 nimio
345 2063 436 2117 studio
456 2063 594 2118 occaecati
614 2080 647 2118 ec
665 2078 726 2115 eum
741 2068 773 2115 ut
784 2063 1194 2134 exemplarprobabilismedio·

115 2130 250 2185 obscurae
262 2130 421 2203 diligentiae
431 2131 526 2195 (Andr.
532 2131 576 2197 21)
585 2147 646 2200 pro-
665 2130 768 2184 critatis
778 2130 887 2184 afferat:
897 2130 1062 2197 decoramen
1072 2134 1194 2186 πάθεσιν

116 2197 207 2270 gressi
220 2205 296 2268 suut,
315 2204 347 2252 ut
363 2215 499 2269 quamque
519 2215 647 2270 graecam
665 2198 822 2253 excellebat.
847 2215 909 2252 cum
920 2217 956 2254 ne
968 2201 1072 2256 comica
1084 2199 1194 2271 quidem

116 2265 285 2322 comoediam
295 2267 378 2338 plane
393 2266 530 2338 integram
540 2272 646 2321 verten-
663 2265 714 2335 ris,
735 2282 805 2336 quae
821 2264 930 2337 dicitur,
950 2268 980 2321 in
1000 2267 1195 2342 eosingularis

117 2335 183 2389 dam
194 2335 449 2404 essenequeullam
460 2335 530 2388 alius
542 2350 646 2390 comoc·
665 2338 738 2388 esset
770 2339 798 2388 et
831 2350 932 2405 graeca
961 2337 1086 2406 exempla
1113 2337 1194 2390 nimis

118 2403 182 2457 diae
202 2419 343 2471 scaenam,
362 2403 486 2472 quamvis
505 2407 599 2473 aptam
620 2408 648 2457 et
664 2402 744 2457 anxie
752 2418 875 2482 premere
884 2403 1031 2473 rideretur,
1041 2403 1193 2460 aVolcacio

114 2469 267 2524 venustatis
298 2470 401 2538 buum,
416 2469 482 2524 addi
498 2470 580 2525 licere
592 2476 645 2525 sta-
665 2469 938 2540 Sedigrtoincanone
948 2471 1194 2542 decempoetarum

116 2540 260 2593 tuerentw.
305 2538 495 2593 orentiusvero
505 2538 645 2594 etsiiuce-
684 2537 795 2591 ulliatae
811 2539 969 2594 comoediae
985 2546 1077 2594 sertus
1088 2545 1195 2594 tantum

116 2605 268 2661 terisrebus
273 2623 373 2678 graeca
378 2607 502 2676 exempla
507 2612 646 2677 satpresse
663 2557 738 2660 iberus
748 2606 774 2660 ei
782 2605 923 2676 tribuitur3
935 2613 965 2662 at
976 2609 1058 2662 valde
1066 2609 1195 2663 laudatur

116 2674 646 2744 reddebatcontaminandotameumbi-
664 2691 681 2728 a
693 2671 823 2729 Cicerone
836 2680 865 2729 et
877 2672 994 2730 Caesare
1009 2681 1122 2747 propter
1139 2678 1194 2731 ele-

114 2743 646 2881 dittttttltt‘tittl·
664 2741 1194 2880 tilatdttl‘ltilttffitlli

117 2850 384 2948 quam’aemulcrum
399 2829 590 2934 auetcnptatem
605 2852 646 2933 se3
664 2894 717 2932 uno
737 2878 821 2932 verbo
837 2880 1068 2949 comprehendens
1083 2881 1124 2936 ait
1139 2882 1193 2937 Te·

117 2951 207 3001 cutus:
231 2952 259 3002 et
277 2946 385 3001 Andria
405 2951 434 3001 ct
451 2947 596 3018 Adelphoe
620 2952 648 3001 et
663 2947 781 3000 rentium
793 2956 850 3000 crte
860 2947 969 3003 vincere
982 2948 1045 3003 dici.

150 3235 244 3289 Norae
255 3235 385 3291 editionis
397 3236 536 3307 parandae
548 3235 644 3288 funde-
668 3233 843 3302 Umpfcabccl
872 3235 902 3289 in
934 3236 1052 3292 editione
1080 3238 1193 3294 Terenti

116 3312 236 3358 mentum
259 3310 287 3358 et
310 3305 392 3358 debet
419 3309 448 3358 et
473 3309 564 3375 potest
586 3319 645 3357 esse
663 3301 1050 3374 (Berolinilssioimagnacum
1059 3306 1194 3362 industria

116 3377 266 3443 apparatus
293 3371 414 3442 criticus,
442 3389 524 3443 quem
550 3372 644 3426 Froao.
662 3369 706 3425 rel
726 3387 776 3425 sua
793 3370 882 3442 ipsius
901 3371 946 3426 vel
963 3374 1111 3428 amicorum
1130 3392 1192 3431 con-

142 3546 168 3587 18
179 3545 278 3588 Nimium
287 3545 331 3586 boc
340 3546 387 3586 eta
400 3545 533 3585 rudimentis
542 3544 646 3594 palliatae
663 3545 760 3584 terctm.
789 3541 900 3584 Similiter
915 3544 944 3586 de
961 3555 989 3586 ee
1005 3556 1030 3587 re
1048 3547 1076 3588 (ir.
1093 3548 1194 3590 Belesier

116 3597 246 3639 comoediae
263 3597 373 3646 gradatim
396 3606 527 3637 accrescens
548 3596 645 3636 studium
663 3593 723 3647 (Mel.
733 3595 810 3636 Graux
823 3607 844 3645 p.
853 3597 930 3636 uie-86
944 3594 988 3637 ‘lte
997 3596 1108 3648 probasne
1120 3599 1193 3642 Μέ-

115 3658 208 3698 erasm
229 3649 316 3688 fabulas
337 3658 403 3697 quem
425 3649 522 3687 maxime
547 3647 645 3697 integras
663 3644 742 3697 reace‘)
755 3646 931 3696 disputavitduo
948 3653 1192 3698 generaspectetorum

115 3699 186 3739 latine
207 3699 317 3740 reddendi
334 3699 429 3749 primam
448 3698 645 3748 gravissimamque
664 3699 815 3737 Romanorum
827 3697 895 3738 tuisse
909 3709 1029 3749 uponens,
1043 3700 1192 3743 litteratorum

116 3761 206 3791 caruem
223 3750 304 3790 celeris
325 3760 352 3789 eo
373 3759 445 3799 pesae
462 3749 591 3798 praecipitis
612 3749 645 3788 in-
664 3752 686 3788 et
698 3759 712 3788 e
724 3749 805 3788 litteris
819 3749 942 3799 studiisque
953 3751 1041 3800 graecis
1054 3762 1145 3801 prorsus
1154 3756 1192 3795 ab·

115 3801 195 3842 teritus
204 3802 251 3842 eius
260 3801 333 3850 poesis
341 3801 430 3849 generis
438 3799 506 3840 fuisse
515 3803 575 3850 puto.
593 3810 645 3839 narn
663 3800 809 3840 horrentium.

115 3851 645 3950 titillttlmttiltlt{titiltttltit
664 3851 1193 3955 tiltititit‘it‘tddtisli.titii?

115 3955 179 4004 quusi
197 3954 273 3994 dedite
290 3965 358 4002 opera
371 3956 476 4002 certoque
490 3952 584 3992 consilio
598 3953 645 3992 ebs·
664 3951 748 3999 brecht,
767 3952 829 3993 stud.
847 3954 899 3992 Ter.
921 3964 943 4002 p.
961 3955 972 3993 'i
991 3965 1038 4003 sqq.
1063 3957 1099 3997 De
1116 3956 1192 3998 indole

114 4005 221 4052 timerent,
231 4005 280 4045 fleri
288 4014 334 4044 non
346 4004 424 4054 potuit,
434 4005 487 4053 quin
497 4007 646 4053 totumgenus
663 4004 806 4054 moribusque
818 4006 898 4052 poetae
911 4007 933 4044 st
947 4003 975 4043 de
988 4005 1192 4057 elusscrlptissub·
1250 4006 1253 4012 '

115 4057 162 4098 cito
175 4059 287 4097 aresceret
297 4058 323 4096 et
334 4056 360 4096 in
367 4066 399 4107 se,
413 4059 437 4096 ut
445 4056 478 4096 lte
487 4055 566 4106 dicam,
580 4055 646 4095 colla-
664 4054 734 4094 tiliter
742 4054 816 4105 Bergk
826 4055 851 4094 in
859 4055 919 4095 Phil.
927 4055 1026 4099 xvleaa
1034 4058 1178 4107 minutam..
