2618 4462
180 250 242 316 140
557 259 761 318 nvuvenvs
1091 262 1197 332 v,e.4

178 386 237 451 Pr.
258 386 364 452 Probe
381 384 493 470 edepol
509 406 634 460 narrem
652 407 726 448 nam
744 383 790 448 illi
808 383 902 448 fcueo
918 383 1044 469 uirgini

263 481 312 546 Ite
328 482 425 544 intro:
443 477 646 542 iamdudum
663 478 717 541 erc
733 499 791 543 uos
810 479 957 563 expectet
975 477 1070 543 domi.
1087 515 1131 526 -

263 576 375 642 Viuim
393 575 512 638 bonum
529 594 639 639 eccum
656 572 889 638 Permenonem
905 574 1051 638 incedere

263 670 378 737 Videe:
401 669 475 735 uide
492 678 528 732 ut
544 667 664 733 otiesus
680 666 718 732 itl
741 667 768 731 si
785 666 833 732 dis
850 667 965 753 placet,
1129 680 1131 685 ’
1157 686 1185 726 ιο

263 765 364 850 Spere
397 785 449 828 me
483 762 614 840 hebere,
653 761 707 845 qui
740 760 826 827 luinc
860 784 931 828 meo
966 761 1144 828 excruciem

599 854 704 921 modo.

261 952 321 1016 Ibo
337 953 430 1028 intro,
449 951 488 1016 de
505 949 685 1036 cognitione
701 959 736 1014 ut
755 949 875 1015 certem
892 949 1005 1014 sciam:

261 1044 341 1110 Post
358 1043 451 1109 exibo
468 1055 563 1128 atque
581 1044 665 1109 hunc
682 1043 863 1129 perterrebo
880 1042 1079 1129 secrilegum.

425 1306 628 1375 Pununuo
704 1308 894 1373 Pronus

460 1423 573 1468 suevos
724 1423 856 1468 eroum

176 1512 235 1581 Pl.
257 1515 386 1591 Reuiso,
405 1513 572 1596 quidnam
592 1510 736 1578 Chaerea
753 1511 805 1577 lric
821 1512 927 1577 rerirm
945 1520 1044 1598 geret
1143 1529 1196 1580 vm

261 1608 357 1689 Quod
374 1607 401 1672 si
417 1610 489 1672 estu
507 1630 574 1672 rem
591 1605 748 1683 tracteuit,
767 1605 799 1670 di
816 1608 956 1670 uostrem
973 1605 1078 1681 fldem,

108 1712 160 1769 925
261 1703 423 1783 Quantam
454 1703 486 1766 et
511 1723 608 1785 quem
638 1723 748 1766 ueram
776 1700 906 1766 lotidem
935 1699 1039 1784 capiet
1063 1699 1143 1764 Per-

598 1794 706 1860 menol

259 1892 343 1957 Nam
360 1900 397 1955 ut
412 1893 545 1969 mittem,
564 1889 650 1974 quod
667 1899 696 1956 e'r'
713 1890 851 1955 emerem
868 1887 1109 1966 difficillumum,

261 1983 489 2061 carissumum,
507 2007 526 2048 c
542 1985 704 2049 meretrice
722 2007 820 2048 encre
835 1982 992 2069 uirginem
1168 1999 1182 2042 r

261 2078 368 2158 Quam
385 2076 523 2154 emebat,
541 2099 614 2142 eom
631 2077 754 2142 confeci
771 2076 839 2142 sine
856 2075 1010 2153 molestie,

262 2170 339 2237 Sine
356 2172 493 2256 sirmptu,
511 2170 579 2236 sine
597 2171 775 2256 dispendio:
798 2182 865 2235 tum
884 2170 944 2234 hoc
960 2169 1105 2248 tilterum,

108 2277 160 2333 930
261 2264 300 2329 Id
317 2266 424 2330 uerost
441 2265 527 2348 quod
545 2286 605 2350 ego
621 2265 698 2328 mihi
715 2275 792 2350 puto
809 2263 1007 2349 palmerium,

260 2359 317 2424 Me
335 2358 520 2444 repperisse,
539 2359 713 2442 quemodo
732 2358 987 2423 adulescentulus

261 2453 465 2518 Meretricum
483 2452 611 2538 ingenie
628 2464 659 2517 et
676 2453 780 2517 meres
798 2463 904 2537 posset
920 2454 1061 2529 nescere,
1155 2471 1181 2511 ro

261 2547 389 2612 Matiue
406 2558 442 2612 ut
459 2568 555 2630 quom
573 2547 724 2632 cognorit,
742 2558 896 2632 perpetuo
913 2546 1022 2610 ederit.

263 2640 355 2720 Quae
372 2641 449 2704 dem
465 2641 541 2704 foris
560 2652 642 2715 sunt,
661 2642 705 2704 nfl
722 2641 848 2704 uidetur
864 2641 1024 2717 mendino,

109 2749 161 2804 935
261 2734 330 2799 Nec
347 2734 449 2820 megis
468 2734 676 2819 compositum
693 2737 862 2818 quicquam
885 2756 944 2799 nec
960 2733 1062 2818 magis
1079 2735 1142 2800 ele·

599 2850 693 2913 gans:

265 2922 371 3008 [Quae
389 2943 461 2985 cum
479 2931 619 2986 amatore
636 2943 694 2986 suo
712 2944 784 2987 cum
803 2932 917 2986 cenent
934 2919 1116 3009 ligurriunt]

262 3016 387 3080 Herem
403 3014 512 3079 uidere
529 3015 681 3079 inhiuiem
699 3016 806 3078 sordes
823 3015 974 3100 inopiam,
1155 3035 1182 3078 ιι

262 3108 370 3191 Quem
381 3107 564 3173 inhonestae
578 3109 664 3173 solae
673 3110 735 3172 sint
744 3107 829 3172 domi
838 3120 933 3193 atque
943 3109 1055 3175 auidae
1069 3110 1142 3187 cibi,

263 3204 337 3284 Quo
354 3204 446 3289 pecto
464 3227 504 3267 ex
521 3204 589 3268 iure
606 3203 752 3268 hesterno
770 3227 885 3289 panem
900 3205 1003 3269 atrirm
1021 3216 1142 3284 uorent,

111 3323 162 3377 940
262 3298 364 3363 Nosse
383 3297 488 3362 emnia
505 3296 583 3361 haec
600 3297 724 3362 sallitist
741 3298 995 3364 adulescentulis.

178 3392 236 3456 Pr.
260 3391 332 3476 Ego
349 3391 400 3476 pel
418 3400 449 3456 te
466 3412 523 3476 pro
541 3390 608 3456 istis
626 3391 718 3455 fectis
736 3403 768 3456 et
786 3392 887 3468 dictis,
907 3394 1020 3470 scelus,

263 3487 415 3562 Vlciscar‚
437 3495 471 3548 ut
488 3506 529 3548 ne
546 3484 663 3569 inprine
680 3485 713 3549 in
731 3506 789 3550 nos
806 3485 961 3551 inlriseris.
1156 3507 1182 3548 co

262 3579 327 3644 Pre
338 3579 432 3643 deum
444 3577 550 3654 fidem,
563 3578 686 3642 iecinus
700 3578 843 3643 foeduml
862 3601 880 3644 ο
894 3580 1052 3645 infelicem
1065 3581 1144 3646 adu-

597 3673 818 3738 lescentuluml

263 3746 294 3833 (l
309 3768 474 3832 scelestum
487 3767 727 3843 Permenonem‚
745 3769 800 3851 qui
812 3771 907 3833 istum
921 3769 983 3835 huc
998 3769 1141 3835 adduxit!

597 3860 657 3924 ΡΑ.
677 3858 764 3941 Quid
782 3862 847 3926 est?

109 3962 161 4018 945
178 3956 235 4021 Pu
259 3955 391 4018 Miseret
411 3976 477 4019 me:
503 3952 609 4036 itaque
631 3965 666 4018 ut
691 3957 732 4018 ne
759 3955 915 4036 uiderem,
941 3959 1056 4022 misere
1079 3955 1144 4024 huc

599 4048 702 4134 ecfugi
717 4048 815 4129 iores,
