2618 4462
529 899 715 980 Adrus
739 898 770 980 1.

423 1090 426 1094 ’
494 1067 599 1133 Sruo
678 1061 854 1134 Sosis*

495 1183 591 1228 snunx
665 1184 810 1229 nmnnuvs

167 1295 214 1363 Si.
249 1298 316 1364 Vos
333 1298 431 1364 istaec
447 1298 529 1364 intro
548 1299 683 1364 auferte:
702 1298 796 1364 abite.
815 1337 858 1347 -
876 1299 979 1380 Sdsia,
1142 1324 1182 1377 1,1

250 1392 340 1458 Ades
358 1392 447 1459 dum:
466 1392 576 1481 paucis
594 1395 625 1458 td
642 1393 726 1459 uolo.
770 1393 826 1461 80.
870 1395 1002 1462 Dictdm
1018 1409 1111 1484 puta:

114 1498 147 1555 30
250 1487 374 1574 Nempe
391 1488 426 1554 itt
443 1501 592 1554 curentur
609 1490 693 1552 recte
711 1487 808 1554 haec?
844 1487 890 1556 Su.
914 1491 1017 1578 Immo
1036 1492 1131 1559 aliud.

588 1581 643 1648 Sc.
680 1580 768 1664 Quid
786 1593 843 1660 est,
951 1633 953 1637 -
1019 1648 1022 1652 ,

250 1674 346 1757 Quod
364 1675 421 1742 ttbi
439 1699 511 1742 mec
527 1699 578 1742 ars
596 1676 721 1742 efficere
739 1675 800 1742 hoc
816 1676 918 1762 possit
934 1678 1089 1765 implius?

166 1769 212 1837 Sr.
246 1771 302 1836 Nil
319 1771 398 1836 istac
415 1792 494 1857 opus
513 1784 561 1836 est
579 1771 646 1841 drte
664 1769 705 1836 ad
723 1769 805 1836 hanc
823 1794 899 1849 rem,
920 1773 1016 1857 qudm
1033 1796 1122 1861 paro,
1156 1792 1171 1836 0

251 1864 316 1931 Sed
334 1866 378 1930 eis
396 1886 475 1949 quas
494 1887 619 1950 semper
635 1866 668 1931 in
686 1876 718 1931 te
735 1863 876 1930 intellexi
894 1865 980 1944 sites,

112 1993 115 2004 ι
248 1959 329 2025 Fide
347 1962 379 2025 et
396 1959 618 2025 taciturnitdte.
663 1957 718 2024 So.
762 1958 907 2046 Expecto
925 1961 1003 2045 quid
1020 1961 1109 2028 uelis.

113 2061 148 2116 35
166 2051 212 2119 S1.
247 2053 319 2140 Ego
336 2053 504 2139 pdstquam
523 2065 554 2119 te
572 2052 645 2130 emi,
663 2076 683 2118 0
699 2053 830 2139 pdruclo
848 2064 884 2118 ut
903 2057 1028 2139 semper
1046 2056 1103 2121 tibi

248 2149 347 2234 Apud
364 2171 415 2213 me
432 2147 514 2213 iusta
531 2147 718 2213 etcldmens
736 2147 830 2213 fuerit
849 2148 994 2226 sdruitus,

249 2241 331 2309 Scis.
366 2241 427 2307 fdci
445 2240 484 2306 ex
502 2235 594 2307 seruo
612 2251 648 2306 ut
664 2242 749 2307 esses
767 2239 898 2307 libertds
915 2241 1003 2321 mihi,
1144 2263 1170 2303 ro

249 2337 422 2422 Propterea
440 2337 525 2420 quod
542 2336 685 2401 seruibas
701 2334 884 2402 liberdliter:

249 2428 346 2512 Quod
365 2428 460 2496 hdbui
478 2451 637 2494 summum
656 2429 801 2515 prdtium‚
819 2429 959 2516 persolui
976 2428 1043 2494 tibi.

113 2531 148 2586 40
166 2522 222 2589 So.
248 2524 288 2589 In
305 2522 585 2589 memoria'habec.
614 2521 1043 2607 S1.·Huudm1itofactum.
1075 2521 1130 2590 So.
1160 2541 1163 2547 '

591 2617 736 2695 Guddec,

249 2711 287 2779 Si
305 2713 362 2777 tibi
380 2712 457 2796 quid
475 2711 536 2778 feci
554 2724 609 2777 aut
626 2713 709 2776 ficio
727 2713 812 2796 quod
830 2702 963 2797 placem,
983 2710 1084 2789 Simo,

248 2807 292 2872 Et
308 2807 342 2871 id
359 2808 485 2892 grdtum
502 2806 601 2872 fuisse
618 2806 790 2871 adudrsum
807 2816 839 2871 te
861 2804 963 2870 habeo
984 2804 1170 2891 gretiam.1⁶

248 2900 315 2968 Sed
332 2901 393 2966 hoc
410 2901 487 2966 mihi
505 2901 717 2978 molestumst3
735 2923 809 2964 nam
825 2900 924 2965 istaec
942 2921 1132 2965 commemo-

588 2994 668 3060 rdtio
815 3035 816 3038 =

249 3090 351 3173 Quasi
368 3090 600 3175 exprobratidst
617 3089 783 3155 inmemori
802 3086 943 3166 benefici.

112 3197 146 3253 45
249 3184 338 3267 Quin
355 3195 390 3249 tu
406 3185 470 3249 rinc
487 3184 586 3250 uerbo
605 3183 665 3266 dic,
684 3182 761 3269 quid
778 3193 826 3248 est
843 3181 928 3266 quod
947 3182 996 3247 md
1015 3181 1114 3248 uelis?

165 3280 210 3346 Su
245 3280 296 3345 Ita
314 3279 439 3345 fdciam.
474 3277 535 3344 hcc
552 3277 688 3363 primum
706 3276 740 3342 in
756 3275 817 3342 hdc
834 3299 868 3342 re
882 3275 1034 3362 ,praedicd
1053 3276 1124 3343 tibi:

248 3372 338 3456 Quas
356 3373 456 3438 credis
474 3395 543 3438 esse
561 3373 628 3449 has,
646 3371 711 3437 ndn
728 3369 802 3436 sunt
818 3392 913 3435 uerae
932 3370 1070 3455 ndptiae.
1143 3390 1169 3430 m

164 3467 219 3533 8ο.
247 3465 338 3549 Quor
359 3466 487 3531 simules
509 3465 624 3552 igitur?
668 3462 715 3531 Sr.
757 3463 842 3529 Rem
863 3463 988 3529 dmnem
1007 3487 1027 3530 a
1043 3463 1129 3551 priu-

109 3554 110 3559 ’
585 3559 667 3646 cipio
685 3559 807 3624 eddies:

246 3656 297 3722 Eo
314 3657 407 3742 picto
425 3664 456 3719 et
473 3653 563 3741 gnati
580 3656 680 3718 uitam
697 3665 727 3718 et
747 3652 911 3730 consilium
929 3675 1035 3718 meum

110 3759 146 3813 50
248 3749 431 3836 Cogndsces
450 3759 482 3814 et
498 3746 576 3832 quid
593 3747 697 3814 ficere
713 3747 747 3812 in
765 3747 825 3812 hac
841 3770 876 3812 re
894 3749 924 3812 te
942 3746 1047 3812 uelim.

246 3844 329 3909 Nam
352 3845 379 3908 is
401 3843 567 3930 pdstqucm
591 3841 726 3908 excessit
747 3842 787 3907 ex
806 3841 935 3927 ephebis
954 3839 1074 3928 [Sosia,
1098 3851 1129 3906 et

247 3939 395 4004 Liberius
413 3936 542 4003 uiuendi
560 3936 620 4002 fuit
637 3933 807 4022 potestes]‚
826 3937 912 4016 (nam
931 3934 1024 4000 intes
1140 3950 1167 3994 25

248 4031 313 4118 Qui
332 4034 410 4099 scire
428 4054 538 4123 posses
556 4032 611 4098 mit
627 4030 791 4120 ingenium
808 4030 950 4108 miscere,

955 4154 1063 4199 effla
