2618 4462
184 238 245 313 138
561 258 768 319 uvuvcuvs
1132 262 1199 334 aa

181 383 240 447 Tu.
263 382 351 465 Quid
375 382 515 449 feceras?
546 382 606 449 ΟΥ
630 383 769 450 Paulem
795 383 955 468 quiddam.
988 385 1047 451 ΡΥ.
1073 384 1147 451 uho

603 477 772 563 ‘paulum’,
789 479 964 564 inpudens?

265 571 320 634 Au
336 570 467 656 palulum
484 570 545 636 hoc
562 593 631 637 esse
648 571 706 636 tibi
723 571 859 648 uidetur,
877 572 1036 658 uirginem

265 664 386 730 Vitiere
404 664 525 730 ciuem?
560 663 620 730 Cu.
638 663 834 730 Ceuseruam
853 688 921 731 esse
939 666 1065 731 credidi.

179 757 237 822 ΡΥ.
264 755 481 824 Conseruam?
498 759 553 824 uix
571 781 622 824 me
640 759 785 825 centiueo
802 759 879 843 quin
894 761 1034 825 inuolem
1159 780 1185 820 aa

112 859 163 914 860
263 852 407 918 Monstro
432 855 467 917 ln
492 853 655 939 capillum:
686 851 781 918 etiam
810 853 893 918 eltm
924 853 1061 920 derisum
1088 853 1145 919 ee-

602 945 698 1012 uenit.

180 1040 239 1103 Tu.
261 1039 349 1105 Abin
366 1040 450 1118 hinc,
471 1040 601 1106 insana?
634 1041 692 1106 ΡΥ.
710 1039 799 1122 Quid
814 1040 859 1106 itu
876 1042 972 1107 uero?
998 1041 1143 1120 debeam,

160 1200 162 1204 Υ
201 1173 203 1176 >
265 1132 381 1212 Credo,
398 1134 451 1199 isti
467 1135 637 1219 quicquam
654 1135 813 1212 fercifero,
831 1135 858 1200 si
873 1134 908 1200 id
924 1136 1067 1215 fecerim3

265 1227 458 1293 Praesertim
475 1250 571 1313 quom
588 1251 623 1294 ss
645 1230 770 1293 seruom
787 1229 923 1294 fateater
941 1239 1037 1293 tuom.

180 1320 238 1384 Tu.
261 1321 366 1386 Missa
381 1321 460 1387 haec
477 1321 639 1387 faciamus.
672 1323 736 1387 nen
753 1333 792 1387 te·
803 1322 945 1409 dignum,
964 1321 1118 1402 Chaerea,
1156 1343 1184 1384 aa

110 1431 162 1487 865
262 1415 380 1481 Fecisti
385 1440 395 1493 ;
412 1439 487 1481 nam
504 1416 531 1481 si
548 1437 609 1502 ego
626 1415 723 1502 digna
739 1415 799 1481 hac
816 1416 1005 1481 contumelia

265 1507 346 1573 Sum
362 1511 520 1586 mexume,
538 1520 571 1574 at
588 1520 623 1574 tu
640 1510 788 1595 indegnus
806 1509 861 1593 qui
877 1510 998 1576 faceres
1015 1520 1132 1576 tamen.

263 1602 377 1686 Neque
393 1603 506 1688 edepol
523 1603 601 1687 quie
616 1626 701 1668 nunc
719 1602 828 1668 censili
845 1603 967 1688 capiem
985 1602 1051 1669 scio

263 1695 316 1761 De
333 1696 456 1780 uirgine
472 1695 564 1761 istac:
582 1698 627 1760 ita
644 1695 838 1761 conturbasti
855 1696 931 1761 mihi
994 1758 996 1763 .

264 1789 414 1854 Ratienes
432 1790 543 1866 omnis,
563 1790 598 1853 et
616 1813 685 1854 eam
702 1812 766 1854 non
783 1791 900 1875 possim
918 1789 982 1856 suis
1154 1810 1182 1852 ao

111 1892 163 1947 870
263 1883 314 1948 Ita
330 1896 366 1948 ut
383 1884 518 1967 aequom
534 1884 638 1947 fuerat
654 1886 750 1967 etque
766 1895 802 1948 ut
819 1883 925 1948 studui
942 1884 1074 1963 taedere,

263 1977 308 2043 Vt
325 1977 460 2041 selidum
478 1999 620 2062 parerem
638 1976 697 2042 hoo
714 1980 759 2041 mi
771 1976 968 2056 beneficium,
987 1976 1141 2044 Chaesea.

181 2068 240 2136 Cu.
263 2071 310 2135 At
326 2071 411 2135 neno
429 2070 541 2135 dehine
559 2092 650 2155 spero
665 2073 823 2137 aeternam
841 2071 921 2136 inter
932 2094 990 2136 nos
1007 2073 1142 2158 gretiam

262 2165 355 2239 Fore,
373 2164 481 2228 Thels.
517 2186 611 2249 saepe
630 2187 670 2229 ex
687 2165 780 2230 huius
798 2165 884 2229 modi
901 2188 936 2231 re
953 2167 1102 2252 quaepiam

263 2259 353 2324 Male
371 2257 523 2345 principio
540 2262 657 2344 megna
673 2257 868 2324 familieritas
1153 2279 1180 2321 ss

110 2361 162 2417 875
265 2352 449 2418 Coufletast.
484 2352 562 2436 quid
579 2351 605 2416 si
622 2353 682 2417 hoc
699 2351 855 2438 quispiam
873 2352 974 2417 uoluit
991 2353 1089 2419 deus?

179 2447 239 2511 ΤΥ.
261 2446 419 2530 Equidem
436 2448 489 2532 pol
506 2446 540 2510 in
557 2467 627 2512 eam
643 2448 765 2530 pertem
782 2446 964 2532 accipioque
981 2449 1013 2512 et
1029 2448 1113 2513 uolo.

179 2540 239 2606 Cu.
261 2542 363 2606 Immo
379 2543 425 2605 lta
441 2562 568 2625 quaeso.
603 2562 702 2604 uuum
720 2539 780 2605 hoc
798 2542 886 2618 salto,
903 2541 1111 2608 contumeliae

262 2635 336 2701 Non
354 2636 404 2699 me
421 2635 534 2701 fecisse
551 2635 656 2712 caesa,
674 2633 731 2699 see
747 2636 870 2699 amoris.
913 2634 974 2698 ΤΥ.
992 2632 1078 2713 Scio,

262 2729 307 2794 Et
322 2730 376 2815 pel
392 2741 557 2815 propterea
574 2727 676 2814 megis
693 2749 778 2793 nunc
794 2728 923 2812 ignosce
942 2727 1009 2792 tibi.
1151 2751 1179 2790 ao

110 2833 162 2888 880
261 2823 294 2889 N
295 2847 335 2888 on
353 2824 432 2888 eeeo
449 2823 620 2888 inhumano
637 2821 764 2907 ingenio
781 2844 862 2900 sum,
881 2820 1034 2901 Chaerea,

261 2918 375 3003 Neque
390 2918 435 2982 ita
451 2917 595 3002 inperita,
611 2926 648 2980 ut
664 2916 741 2999 quid
758 2937 846 2981 amor
862 2917 967 2982 ualeat
983 2918 1130 2983 nesciam.

179 3011 239 3078 ΟΥ.
261 3012 310 3079 Te
331 3012 458 3096 queque
482 3011 557 3088 iam,
583 3010 692 3087 Thais,
716 3012 761 3074 ita
785 3033 837 3076 me
859 3009 891 3074 di
917 3010 997 3076 bene
1023 3014 1138 3092 ament,

599 3125 680 3169 amo.

177 3202 236 3267 ΡΥ.
263 3200 347 3266 Tum
363 3199 418 3287 pel
434 3199 491 3264 tibi
509 3200 548 3264 ab
566 3198 654 3276 istoc,
672 3199 736 3275 era,
754 3198 930 3263 cauendum
945 3196 1104 3286 intellego.

179 3295 239 3361 ΟΥ.
260 3296 334 3361 Nou
356 3294 467 3360 ausim.
509 3292 568 3358 ΡΥ.
589 3292 643 3358 Nil
666 3292 723 3356 tibi
740 3294 909 3377 quicquam
931 3292 1034 3358 credo.
1078 3295 1138 3361 ΤΥ.
1151 3312 1178 3354 us

599 3386 747 3451 Desiuas.

110 3501 161 3555 885
179 3482 238 3549 ΟΥ.
261 3484 356 3549 Nunc
372 3485 433 3569 ego
451 3492 482 3548 te
499 3481 532 3546 in
549 3481 610 3546 hac
626 3502 660 3545 re
678 3480 721 3544 mi
739 3482 793 3546 ero
810 3491 847 3545 ut
863 3480 999 3545 adiutrix
1017 3479 1088 3558 sies,

262 3577 335 3665 Ego
352 3580 403 3642 me
421 3587 494 3642 tuae
512 3575 696 3641 commendo
714 3585 745 3640 et
763 3572 923 3640 committe
945 3575 1017 3651 fiee,

263 3673 311 3739 Te
329 3671 406 3737 mihi
422 3682 586 3758 patronam
604 3668 831 3755 cepio,Tha‘1‘s‚
849 3678 881 3733 te
898 3669 1042 3734 ebsecro:

263 3766 419 3844 Emeriar‚
437 3764 465 3831 si
480 3786 546 3830 nou
561 3762 644 3828 hene
661 3785 791 3828 uxorem
807 3761 937 3828 duxero.

179 3861 240 3927 ΤΥ.
263 3862 386 3927 Tamen
412 3862 439 3926 si
464 3870 554 3946 pater
574 3857 652 3942 quid
670 3906 678 3923 .
698 3858 730 3923 ‚i
765 3854 825 3921 Cu.
850 3836 906 3921 lh
927 3855 1028 3932 uolet,
1054 3858 1179 3921 certeco

600 3974 676 4030 acuo,

109 4057 161 4112 890
265 4048 354 4115 Ciuis
371 4049 466 4116 modo
483 4048 562 4114 hasc
573 4047 635 4113 sit..
668 4045 730 4117 [lls.
745 4042 922 4121 Paelslum
934 4039 1106 4129 opperirier
