2618 4462
573 257 723 315 ANDRIA
1087 245 1132 311 31⁴

195 413 200 444 :
245 383 386 449 Fuerent
402 381 538 459 futurae,
555 381 645 447 fiant.
690 379 750 446 Cn.
773 381 839 457 Ah,
856 404 897 446 ne
915 398 969 446 me‘
984 381 1129 447 ebsecra:

247 475 349 558 Quasi
366 476 427 541 hec
445 487 476 542 te
494 475 612 541 orando
631 499 717 541 amc
733 478 901 561 impetrare
919 478 1070 561 operteat.

247 571 358 636 Alium
383 571 453 636 esse
480 592 588 639 censes
613 571 698 635 nime
722 592 775 636 me
800 582 896 655 atque
928 570 1002 634 olim
1033 570 1130 654 quem
1147 573 1199 628 545

585 663 721 729 dabam?

247 756 285 823 Si
302 758 335 822 in
352 759 449 823 remst
466 758 592 842 utrique
608 769 644 823 ut
660 757 752 836 flant,
771 760 890 824 accersi
906 757 995 836 iube3

123 867 150 910 ιε
248 851 315 917 Sed
332 851 360 915 si
377 853 416 916 ex
434 873 472 916 ea
488 873 523 916 re
540 851 612 936 plaia
629 851 736 916 maliet
753 872 849 935 quam
867 850 1025 916 cemmodi

247 944 393 1028 Vtrique,
411 945 444 1009 id
462 968 515 1030 epo
533 956 564 1010 te
582 966 638 1010 oro
654 947 688 1008 in
706 966 873 1010 commune
890 956 925 1009 ut
943 944 1100 1023 cenaulas,

248 1037 349 1120 Quasi
366 1039 421 1104 illa
438 1049 493 1103 tua
511 1039 549 1103 sit
568 1038 793 1123 Pemphilique
810 1060 871 1125 ego
890 1041 947 1102 sim
967 1048 1067 1124 pater.

163 1128 209 1197 Sr.
247 1133 349 1196 Immo
367 1134 413 1198 ita
430 1132 503 1197 uolo
521 1132 629 1216 itaque
645 1133 771 1218 pestulo
788 1143 825 1197 ut
841 1133 906 1209 fiet,
925 1130 1089 1209 Chremes,
1149 1144 1201 1199 550

246 1225 360 1310 Neque
378 1227 535 1311 pestulem
554 1227 611 1291 abs
629 1238 671 1303 te,
693 1226 727 1290 ni
743 1228 813 1311 ipsa
829 1249 880 1292 res
898 1229 1033 1292 moneet.
1071 1224 1130 1291 Cu.

286 1332 316 1377 J
588 1318 676 1401 Quid
694 1320 759 1384 est?

124 1433 150 1472 20
163 1411 210 1480 S1.
244 1413 317 1480 Irae
329 1424 403 1479 sunt
415 1415 496 1480 inter
507 1412 692 1501 Glycerium
706 1425 737 1478 et
749 1424 892 1499 gnatum.
934 1412 994 1478 Cn.
1012 1415 1130 1479 Audio.

164 1505 210 1572 Sr.
246 1508 297 1572 Ita
310 1511 456 1594 megnae,
470 1520 506 1572 ut
519 1530 644 1594 sperem
656 1510 751 1593 pesse
764 1507 869 1572 auelli.
897 1505 957 1572 Cn.
974 1508 1131 1575 Febulae!

164 1599 210 1667 Sr.
244 1600 395 1667 Profecto
413 1602 458 1667 sic
476 1615 532 1668 est.
578 1599 638 1665 Cn.
668 1599 722 1666 Sic
740 1601 845 1666 hercle
862 1612 898 1666 ut
915 1601 1017 1680 dicem
1035 1603 1107 1667 tibi:

249 1695 438 1760 Ameutium
455 1695 521 1761 irae
539 1695 654 1760 ameris
672 1695 879 1780 integretiost.
1151 1715 1202 1769 555

165 1787 214 1855 S1.
249 1788 327 1866 Em,
346 1789 380 1854 id
398 1800 429 1855 te
447 1792 502 1863 ero
520 1801 555 1854 ut
573 1800 646 1854 ante
664 1792 783 1866 cemus,
806 1789 881 1853 dum
900 1791 1023 1874 tempris
1040 1790 1134 1856 datur

125 1899 152 1940 2⁵
249 1881 402 1967 Dumque
420 1885 487 1949 eius
505 1882 613 1947 lubido
636 1883 791 1948 occlusast
809 1884 1017 1960 coutumeliis,

120 1998 128 2022 ,-
161 2007 163 2010 ·
183 2024 187 2034 .
232 1975 344 2042 }Prius
361 1999 457 2061 quarn
475 1977 587 2042 herum
606 1977 724 2043 scelera
747 1988 779 2043 et
799 1977 959 2043 lecrumae
982 1979 1133 2045 confictae

587 2071 666 2135 dolis

160 2219 163 2227 ,
248 2164 440 2230 Reddr'rcunt
457 2165 598 2229 animum
616 2166 783 2251 aegretum
800 2166 841 2230 ad
859 2165 1115 2244 misericerdiam,

249 2259 389 2323 Vxerem
408 2259 528 2323 demus.
572 2260 664 2344 spero
682 2259 908 2324 consuetddine
929 2257 987 2346 [et]
1151 2272 1203 2326 560

225 2349 408 2438 ‚Conir'rgio
425 2352 547 2419 libcreli
560 2352 757 2430 'deuinctdm
777 2350 942 2429 Chremes,

124 2464 151 2504 co
249 2444 334 2511 Dein
352 2445 446 2512 fecile
464 2469 503 2512 ex
521 2446 582 2511 illis
600 2448 669 2512 sese
688 2447 883 2511 emersurdm
901 2448 1001 2512 malis.

165 2537 225 2604 Cn.
248 2539 323 2603 Tibi
340 2539 384 2605 ita
401 2540 462 2605 hec
479 2539 620 2617 uidetur3
638 2543 672 2604 et
689 2558 750 2624 ego
767 2562 831 2605 non
849 2563 942 2626 posse
959 2542 1103 2620 erbitror,

248 2634 362 2717 Neque
391 2633 482 2699 illum
511 2634 593 2698 ha'nc
624 2646 777 2719 perpetuo
809 2634 927 2700 habere
952 2657 1056 2720 neque
1082 2660 1133 2701 me

589 2728 720 2813 perpeti.

165 2819 210 2886 Su
247 2819 311 2902 Qui
330 2823 390 2886 scis
409 2843 485 2906 ergo
502 2822 593 2898 istuc,
611 2823 672 2887 nisi
689 2821 843 2907 periclum
861 2821 993 2887 feceris?
1150 2837 1201 2890 555

166 2913 225 2979 Cu.
249 2917 296 2979 At
312 2914 394 2981 istrie
410 2915 563 3003 periclum
580 2916 613 2980 in
631 2916 698 2982 fflia
714 2916 783 2980 fieri
803 2928 942 3000 grauest.

125 3026 151 3066 ³⁵
165 3007 210 3074 Sr.
246 3009 370 3095 Nempe
386 3011 627 3075 incommoditas
645 3011 783 3093 denique
799 3010 862 3074 huc
881 3013 982 3074 omnis
999 3010 1090 3088 redit,

158 3135 161 3140 ·
251 3103 289 3170 Si
306 3103 442 3182 eueniat,
461 3105 547 3187 quod
563 3105 596 3169 di
614 3104 811 3189 prohibeant,
829 3105 988 3170 discessio.

248 3199 295 3262 At
311 3200 339 3262 si
357 3199 533 3283 corrigitur,
551 3199 637 3282 qued
655 3199 902 3277 commoditates,
920 3199 1008 3264 uide:

248 3291 409 3376 Principio
427 3293 528 3357 amico
546 3293 648 3356 fflium
665 3293 847 3369 restitueris,
1150 3299 1201 3353 570

249 3385 323 3449 Tibi
341 3389 494 3471 generum
510 3387 637 3451 firmum
655 3398 687 3452 et
703 3386 789 3451 filiae
807 3386 949 3450 inuenies
966 3386 1080 3450 uirum.

124 3496 151 3536 ιο
164 3477 225 3544 Cn.
250 3476 338 3559 Quid
357 3479 447 3544 istic?
464 3480 496 3544 si
509 3480 553 3544 ita
572 3480 653 3544 istuc
672 3479 814 3544 enimum
831 3479 955 3544 induxti
970 3502 1039 3544 esse
1051 3479 1127 3544 ritile

158 3632 160 3637 .
249 3572 332 3638 Nolo
350 3573 407 3637 tibi
425 3573 526 3638 ullum
544 3574 746 3638 cemmodum
764 3574 797 3638 in
814 3597 864 3638 me
883 3573 1030 3638 claridier.

163 3666 208 3732 Sr.
246 3666 362 3732 Merite
381 3679 412 3732 te
430 3690 554 3753 semper
571 3668 711 3732 mexumi
728 3667 800 3745 feci,
820 3665 982 3732 Chremes.

164 3759 224 3826 Cu.
249 3760 316 3826 Sed
333 3762 410 3846 quid
428 3761 493 3826 a'r's?
528 3761 573 3828 Sr.
594 3759 701 3842 Quid?
728 3760 797 3826 'Cn
816 3760 885 3843 Qui
900 3763 961 3826 scis
978 3783 1033 3828 eos
1047 3784 1132 3826 nunc
1149 3779 1200 3832 575

589 3856 768 3920 discordare
785 3856 866 3920 inter
884 3855 936 3919 se?

162 3947 209 4014 Sr.
245 3948 338 4035 Ipsr'rs
361 3949 438 4014 mihi
455 3948 579 4027 Dauos,
601 3950 657 4032 qui
678 3953 832 4015 intumust
854 3950 962 4015 eorem
985 3950 1131 4029 consiliis,

587 4043 680 4121 dixit3
