2618 4462
110 276 203 351 svm·
228 296 229 299 ι
568 277 722 337 Annam
1078 261 1133 332 65·

249 398 313 464 Vbi
331 402 410 485 dpus
428 410 489 479 est3
498 400 551 467 ‘illi
568 399 622 465 dbi
639 401 684 466 nil
701 401 803 487 opdst,
820 400 865 465 ibi
882 402 1038 466 uerdntur.

123 506 149 550 1⁶
247 491 312 558 de
329 494 405 577 quid
423 495 536 579 agam?
557 494 708 560 adeamne
729 494 911 559 adsumet
931 516 1003 559 cum
1020 516 1059 561 eo
1075 493 1124 558 in·

582 587 694 652 idriam
712 586 793 652 hanc
810 589 923 672 expdst
910 587 1027 653 talem?

245 657 393 764 ingeram
411 680 495 745 mala
511 680 629 746 multa?
645 691 739 764 atque
753 681 864 765 aliquis
879 681 962 746 dicat
980 681 1037 745 ‘nil
1051 703 1123 768 pro-
1140 693 1191 748 646

582 775 748 840 mdueris't

245 865 398 932 Multdm:
431 867 582 935 molestus
612 869 695 934 cdrte
724 868 755 935 ei
773 867 873 933 fuero
899 879 994 953 atque
1018 867 1123 934 animo

583 984 702 1027 morem
720 963 856 1048 gessero

158 1048 217 1113 PA.
246 1049 394 1130 Charine,
416 1065 448 1120 et
469 1065 574 1121 meet
595 1067 627 1119 te
648 1055 830 1140 inprimens,
852 1054 912 1119 nis1
902 1053 1009 1138 quid
1026 1055 1058 1119 di
1075 1077 1124 1120 re·

582 1149 728 1234 spiciunt,
746 1147 878 1234 perdidi.

162 1234 220 1301 On.
244 1218 334 1305 itane
361 1240 580 1326 ‘inprudens’i
605 1243 733 1308 tandem
758 1243 916 1308 inuentast
937 1242 1046 1307 cadsa.
1073 1263 1123 1306 so-

580 1335 666 1401 luisti
681 1336 786 1401 fidem.
985 1383 987 1387 <
1173 1332 1176 1336 ’

122 1443 147 1481 20
160 1423 218 1489 PA.
247 1425 334 1507 Quid
360 1428 535 1493 ‘’tandem?
587 1427 646 1495 On.
682 1428 788 1510 Etiam
814 1429 899 1495 nime
927 1450 979 1493 me
1008 1428 1123 1494 ducere

542 1524 649 1587 istis
667 1523 758 1588 dictis
775 1504 933 1608 ¹pdstulasi

159 1611 218 1675 PA.
246 1612 363 1694 Quid
354 1626 436 1680 Aetne
458 1616 523 1680 est?
566 1614 625 1681 Cn
651 1615 827 1699 Postquam
848 1639 899 1682 me
921 1638 1026 1682 amare
1048 1615 1123 1694 dixi,
1140 1625 1192 1680 645

581 1710 783 1794 conplacitdst
801 1709 868 1774 tibi.

244 1801 318 1866 Heia
339 1825 390 1866 me
411 1801 575 1880 miserum,
602 1805 658 1886 qui
683 1815 771 1868 tuom
793 1803 932 1871 animum
954 1825 994 1868 ex
1017 1802 1122 1867 animo

580 1898 722 1982 spectaui
739 1897 822 1962 meoi

125 2032 126 2039 ι
159 1985 219 2050 PA.
246 1986 380 2053 Falsu's.
434 1986 495 2054 Cn.
530 1988 643 2054 Nonne
675 1991 732 2054 tibi
762 2004 811 2055 sat
836 2012 905 2055 esse
930 1990 991 2055 hoc
1017 1992 1123 2056 uisum

582 2084 746 2148 sdlidumst
763 2085 925 2168 gandium,

243 2173 288 2237 Ni
312 2196 363 2242 me
388 2175 536 2240 lactasses
560 2187 719 2243 amantem
750 2190 781 2243 et
810 2177 890 2242 falsa
920 2198 976 2262 spe
1005 2176 1123 2262 prodia-

582 2269 687 2336 ceres?

120 2375 146 2416 ιι
164 2436 167 2441 Ι
244 2360 382 2427 Habeas.
409 2363 468 2426 PA.
488 2363 654 2428 Habeam?
671 2362 721 2437 ah,
734 2363 836 2429 ndacis
848 2364 972 2446 quantis
985 2365 1018 2427 in
1031 2362 1121 2427 malis

579 2458 688 2522 uorsdr
704 2457 808 2533 miser,

243 2545 449 2632 Quantasque
467 2548 519 2614 hic
536 2551 672 2616 consiliis
690 2550 755 2616 suis
775 2548 879 2637 [mihi]
898 2549 1046 2620 confiduit
1058 2549 1121 2614 sol·
1137 2555 1189 2612 650

580 2643 768 2720 licitddinsa

166 2753 169 2757 ·
242 2733 337 2799 Meus
351 2736 510 2802 edrnusex.
547 2736 606 2804 On.
626 2736 714 2818 Quid
730 2737 810 2802 istinc
828 2748 893 2802 tam
910 2736 1063 2815 mirumst,
1081 2737 1119 2803 dd

578 2844 610 2896 te
627 2831 654 2896 si
671 2833 849 2916 exempldm
868 2831 970 2916 capit?

159 2921 216 2985 PA.
244 2923 341 2986 Haud
358 2925 439 2988 istuc
457 2924 555 3002 dicas,
572 2927 600 2990 si
617 2925 761 3011 cognoris
778 2925 830 2990 uel
847 2948 898 2989 mc
915 2924 967 2990 uel
980 2927 1118 2991 amorim

578 3040 695 3083 meum,

159 3108 210 3173 Cn
240 3108 328 3176 Scio:
360 3110 431 3176 edm
458 3121 546 3197 patre
572 3112 728 3177 altercasti
759 3112 892 3190 dudum,
925 3122 956 3177 et
981 3114 1008 3176 is
1033 3134 1118 3178 nunc

578 3208 744 3291 propterea
761 3205 818 3270 tibi

118 3315 143 3354 ιο
242 3296 411 3363 Susecnset
441 3321 499 3364 nec
529 3310 560 3364 te
586 3298 688 3384 quinia
713 3299 806 3365 hodie
832 3301 945 3384 odgere
971 3299 1056 3363 illam
1082 3312 1117 3364 ut

577 3394 717 3459 ddceres.

156 3483 215 3549 PA.
242 3485 343 3549 Immo
361 3486 464 3562 stiam,
482 3508 576 3570 quom
593 3498 628 3551 tu
645 3489 749 3551 minus
766 3487 826 3552 scis
839 3490 1005 3552 aerumnas
1018 3510 1115 3566 meas,
1133 3500 1184 3554 655

136 3647 140 3655 ,
239 3580 329 3643 Haec
347 3575 474 3664 ndptiac
492 3602 554 3644 non
571 3581 805 3665 adparabantdr
822 3580 909 3657 mihi,

238 3671 270 3735 N
271 3693 306 3736 ec
324 3672 502 3757 pdstulabat
520 3675 603 3737 minc
619 3672 785 3756 quisquam
804 3675 935 3738 uxordm
953 3673 1038 3739 dare.

156 3761 216 3829 Cn.
240 3763 328 3829 Scio:
346 3765 381 3827 tu
399 3778 526 3830 coactus
544 3769 599 3831 tud
615 3765 777 3831 uoluntate
794 3767 838 3831 ds.
877 3766 937 3830 PA.
959 3766 1071 3831 Mane:

114 3874 141 3914 aa
237 3856 310 3921 Non
324 3858 398 3921 diam
413 3859 483 3923 scis.
520 3857 579 3923 Ca
598 3856 674 3924 Seio
688 3859 833 3942 equidem
847 3859 933 3924 illam
946 3859 1113 3924 ducturum

575 3955 644 4017 esse
661 3964 702 4016 te.

152 4043 211 4108 PA.
238 4041 328 4127 Quor
346 4067 396 4109 me
413 4045 537 4110 enicas?
553 4046 613 4110 hcc
631 4045 718 4110 addi:
736 4067 909 4129 numquam
927 4045 1045 4111 destitit
1129 4051 1180 4108 660

909 4146 946 4200 Q}
