2618 4462
167 247 229 316 198
572 257 728 324 nucum
1027 327 1032 333 ‚
1061 257 1184 335 Prota

166 381 262 465 Quod
280 382 306 448 el
323 380 509 469 scripturam
526 382 716 468 spreuieeem
732 381 765 446 in
782 380 960 467 praesentia
1086 414 1089 419 >

114 500 149 554 25
165 484 209 550 Et
226 485 259 549 in
277 483 461 550 deterrendo
477 484 648 550 ulluieeem
666 506 795 570 operam
812 484 945 560 sumere,

167 588 212 654 Vt
228 586 261 651 in
278 585 342 653 taio
360 597 442 652 eeeet
458 586 562 671 petius
579 608 676 671 quam
692 585 725 650 in
742 585 882 672 negetioz

166 687 399 754 Deterruissem
416 687 518 766 facile,
535 710 576 754 ne
593 687 671 753 eliae
688 688 847 753 eerlberet.

164 789 258 855 Nune
275 789 351 875 quid
368 801 483 877 petam,
501 811 573 856 mee
590 789 803 873 cauaeaeque
822 788 925 854 animo
944 787 1105 854 attendite.
1142 806 1170 846 πο

166 891 326 978 Hecyram
342 891 384 957 ad
399 912 459 956 uos
475 891 589 969 refero,
606 893 703 976 quum
720 890 796 956 mihi
812 912 870 977 per
886 890 1045 956 silentium

114 1008 149 1064 30
164 992 348 1079 Numquam
360 995 457 1079 agere
469 992 633 1059 licitumst:
645 994 690 1058 lta
703 1015 773 1059 eam
786 992 940 1079 oppressit
954 991 1127 1059 calamitae.

165 1094 248 1159 Eam
264 1094 473 1161 calamitatem
489 1096 597 1160 uestra
612 1093 826 1181 intellegentia

166 1194 307 1272 Sedebit,
325 1196 352 1261 ei
369 1196 427 1262 erit
443 1196 579 1262 adituix
595 1206 721 1263 nostrae
737 1195 920 1262 industriae
1096 1266 1100 1273 ,

124 1359 127 1372 ,
164 1295 426 1385 Quamprimum
443 1321 513 1364 eam
530 1321 625 1385 agere
643 1298 743 1385 coepi,
760 1298 904 1385 pugilum
922 1298 1031 1386 gluria,
1139 1314 1168 1357 2⁶

165 1390 373 1485 [Funambuli
390 1399 501 1469 eodem
518 1399 650 1466 e'eeeeeit
667 1396 857 1487 expectatio]
1147 1392 1151 1399 ⁴

113 1517 147 1571 35
165 1499 325 1567 Comitum
342 1514 527 1581 conuentus,
546 1502 704 1589 strepitus,
723 1501 841 1569 clamor
857 1501 1023 1568 mulierum

163 1603 282 1671 Fecere
298 1615 335 1670 ut
351 1615 424 1671 ente
440 1605 564 1690 tempus
582 1603 700 1670 exirem
717 1604 812 1670 forae.

164 1705 281 1773 Vetere
296 1708 331 1772 ln
347 1728 433 1773 noua
450 1706 539 1793 eoepi
556 1706 603 1772 uti
620 1705 857 1786 consuetudine,
1161 1778 1166 1784 ,

163 1806 202 1870 In
220 1807 413 1893 experiundo
430 1818 466 1872 ut
482 1808 598 1874 eseam:
616 1808 718 1874 refero
736 1808 848 1873 denuo.
1138 1827 1166 1892 aa

162 1908 271 1973 Primo
287 1912 361 1975 tatu
378 1909 497 1996 placeo.
531 1929 628 1993 quom
644 1910 763 1975 interea
780 1911 887 1976 rumer
904 1909 992 1976 uenit

112 2025 147 2082 40
163 2010 284 2076 Datum
301 2011 340 2076 lri
356 2011 555 2100 gladiaturae,
571 2013 707 2098 populus
725 2012 879 2091 eenuelat,

163 2113 410 2179 Tumultuantur
426 2114 562 2180 clamant
578 2125 721 2200 pugnant
738 2113 778 2180 de
794 2116 878 2181 loeo:
973 2192 975 2199 q

164 2215 236 2301 Ego
253 2215 373 2283 interea
388 2239 495 2283 meum
511 2240 574 2281 non
591 2216 679 2302 petui
696 2220 789 2282 tutarl
805 2218 919 2283 locum.

162 2317 258 2384 Nune
275 2320 367 2384 turba
383 2342 447 2385 nou
464 2330 525 2386 eet:
543 2319 643 2385 ‹ltium
660 2330 692 2386 et
709 2320 910 2386 silentiumet:
1136 2340 1164 2384 aa

162 2423 292 2508 Agendi
309 2434 433 2509 tempus
450 2422 527 2487 mlhi
545 2423 682 2488 datumst
687 2447 697 2501 ;
715 2422 805 2487 uoble
823 2423 915 2488 datur

110 2536 145 2593 45
161 2525 307 2590 Potestas
325 2525 554 2591 eondeeorendi
569 2525 660 2592 ludos
678 2512 848 2591 scaenicos.

162 2626 268 2692 Nolite
287 2627 388 2694 sinere
405 2629 462 2714 per
478 2622 536 2693 uoe
553 2638 653 2693 artem
669 2627 822 2693 musicam

162 2729 315 2796 Recidere
332 2729 374 2795 ad
390 2727 522 2816 paucosz
539 2729 633 2795 facite
650 2740 686 2817 ut
702 2741 810 2795 uestra
826 2727 994 2794 aucteritas
1119 2782 1121 2790 .

160 2832 256 2898 Meae
274 2827 451 2899 aucteritati
467 2832 585 2898 fautrix
602 2833 801 2917 adiutrixque
818 2833 867 2899 eit.
1134 2850 1162 2893 ιο

163 2933 215 3020 [Si
231 2956 404 3019 numquam
421 2957 516 3000 auare
533 2934 669 3021 pretium
686 2935 781 3002 etatui
802 2935 861 3001 arti
877 2957 967 3000 meae

110 3048 144 3104 50
161 3036 205 3102 Et
221 3059 295 3103 eum
311 3059 380 3104 esee
397 3049 564 3122 quaestum
579 3036 613 3103 in
631 3037 770 3103 animum
785 3037 897 3103 induxi
913 3060 1107 3116 maxumum,

162 3139 268 3219 Quam
284 3160 432 3207 maxume
449 3139 567 3206 seruire
584 3139 698 3205 uostris
716 3137 915 3226 eommodiez]

120 3243 121 3246 ’
162 3240 263 3307 Sinite
279 3243 447 3327 impetrare
465 3243 525 3320 me,
542 3241 647 3326 quiin
663 3242 806 3308 tutellem
822 3265 927 3309 meam

161 3343 310 3410 Studium
327 3366 418 3409 auom
435 3353 466 3410 et
483 3367 517 3410 ee
534 3344 568 3410 in
584 3345 725 3410 uestram
742 3345 896 3410 eommielt
912 3344 1018 3422 fidem,
1133 3365 1162 3408 aa

159 3446 192 3511 N
192 3468 210 3511 e
227 3468 299 3511 eum
318 3446 567 3512 circumuentum
583 3446 691 3531 inlque
708 3446 807 3532 iniqui
823 3447 988 3513 inrideant.

109 3561 142 3615 55
160 3549 237 3614 Mea
254 3549 350 3613 cauea
367 3568 496 3612 caueam
514 3548 646 3634 aecipite
664 3560 695 3614 et
713 3549 786 3616 (late
803 3550 972 3627 silentium,

160 3650 205 3716 Vt
221 3649 329 3715 lubeat
347 3649 482 3715 seribere
500 3649 569 3715 aliie
585 3650 724 3734 mihique
742 3663 778 3717 ut
794 3653 914 3719 ‹lleeere

158 3751 266 3816 Nouae
284 3750 429 3836 expediat
447 3750 579 3835 plethae
595 3753 696 3838 pretio
714 3757 834 3840 emptae
851 3777 932 3820 meo.

537 3965 746 3980 ——a—nae
