2618 4462
539 245 746 304 ADELPHOE
1063 228 1127 297 253

168 422 172 427 -
247 372 334 439 Eum
349 372 538 456 quaeritare,
555 371 729 454 nimquam
747 369 831 434 dicet
849 368 1010 435 cimufex.

247 468 320 535 Non
345 466 512 533 detendam
538 465 571 529 id
597 487 648 530 me
675 465 767 530 uelle.
812 462 866 529 Sr.
896 461 1035 528 Omnem
1061 485 1128 528 rem

587 557 679 622 mido
697 557 764 622 seni

249 653 323 736 Quo
341 656 435 739 pacto
454 652 595 729 haberet,
614 652 796 717 enarramus
815 651 938 716 ordine:
1146 655 1198 711 365

249 748 303 812 Nil
322 751 492 832 quiequam
510 746 578 810 uidi
594 746 717 811 laetius.
756 743 821 809 Dr.
842 744 907 809 Pro
925 743 1078 829 Irippiter,

250 842 398 906 Hominis
417 839 595 907 stultitiaml
631 838 687 906 Sr.
711 837 923 904 conlaudauit
940 839 1057 916 iilium3

247 935 341 1014 Mihi,
360 935 465 1020 quiid
484 934 642 999 dedissem
659 933 835 1011 cdnsilium,
855 933 920 1019 egit
938 933 1064 1018 gratias.

218 1079 226 1095 .
248 1029 454 1115 Disrhmporl
490 1028 545 1097 Sr.
564 1030 745 1114 Argentum
762 1028 983 1093 ddnumerauit
998 1028 1086 1105 ilioo;

248 1123 348 1189 Dedit
365 1134 527 1210 practerea
545 1122 577 1186 iu
595 1123 757 1209 sdmptum
776 1121 940 1186 dimidium
956 1122 1074 1199 minae3
1146 1134 1199 1191 370

166 1260 171 1270 -
248 1219 288 1282 Id
306 1219 507 1282 distributum
524 1218 600 1281 sitne
623 1227 671 1282 est
689 1239 730 1281 ex
747 1216 911 1281 sententia.
946 1215 1009 1282 Da.
1032 1218 1128 1295 Hem,

248 1312 335 1377 Huic
351 1312 493 1388 mandes,
511 1311 538 1375 si
555 1310 633 1395 quid
648 1313 734 1376 recte
752 1311 896 1375 ouratdm
913 1310 1003 1376 uelis.

165 1402 219 1470 Sr.
246 1405 349 1471 Ehem
367 1404 501 1481 Demea,
523 1404 610 1469 haud
628 1405 813 1489 aspexeram
831 1407 872 1469 te.
909 1404 985 1488 quid
1007 1404 1129 1490 agitur?

125 1517 151 1557 20
163 1498 225 1563 Dn.
248 1499 337 1581 Quid
354 1499 488 1584 agatur?
505 1510 645 1563 nostram
662 1501 785 1583 nequeo
803 1497 910 1563 mirari
927 1499 1002 1563 satis

248 1593 426 1660 Rationem.
481 1591 537 1659 Sr.
576 1592 637 1657 Est
667 1592 772 1658 hercle
802 1592 924 1678 inepta3
954 1614 995 1659 ne
1026 1593 1129 1659 dicim
1146 1606 1197 1660 375

586 1688 669 1762 dolo,

248 1781 409 1847 Absirrda.
444 1781 540 1867 piscis
558 1783 678 1846 ceteros
696 1783 808 1866 purga,
825 1780 963 1860 Dr0m03

250 1875 416 1962 Gongrum
432 1878 528 1940 istum
546 1898 729 1941 maxumum
749 1877 783 1939 in
805 1896 888 1958 aqua
909 1875 1003 1941 sinito
1020 1876 1129 1944 lidere

248 1970 433 2056 Tantisper:
451 1970 507 2034 ubi
526 1991 585 2056 ego
602 1969 735 2047 rediero,
753 1969 964 2049 exossdbitur3

248 2063 342 2130 Prius
363 2065 447 2130 nolo.
481 2062 545 2130 Du.
572 2065 716 2130 Haecine
737 2065 874 2149 flagitia?
909 2063 965 2131 Sr.
991 2066 1042 2131 Mi
1059 2067 1128 2152 qui·

585 2159 658 2224 dem
674 2160 739 2224 ndu
756 2158 892 2244 placent,

248 2251 292 2317 Et
309 2253 410 2318 clamo
429 2275 533 2338 saepe.
569 2253 759 2318 selsamenta
776 2252 865 2330 haec,
884 2251 1068 2338 Stephanio,
1145 2266 1197 2322 380

248 2346 315 2412 Fac
331 2349 530 2411 macerentur
546 2347 686 2432 pulchre.
717 2345 780 2411 Dc.
803 2346 850 2411 Di
865 2351 1005 2412 nostram
1021 2348 1127 2426 fidem,

248 2441 363 2506 Vtrtim
382 2439 527 2505 studione
544 2440 577 2505 id
595 2441 655 2505 sibi
672 2440 769 2506 habet
786 2464 827 2506 an
844 2440 932 2505 laudi
948 2453 1040 2527 putat

248 2534 342 2612 Fore,
361 2536 388 2599 si
404 2534 577 2620 perdiderit
593 2535 745 2620 gnitum?
763 2557 823 2599 uae
841 2535 955 2599 misero
974 2535 1063 2600 mihil

249 2629 367 2694 Videre
384 2629 495 2693 uideor
512 2629 575 2692 iam
593 2629 676 2694 diem
697 2629 796 2704 illum,
819 2651 914 2713 quom
935 2629 1009 2694 hinc
1031 2653 1128 2716 egens

248 2723 413 2809 Profhgiet
431 2724 537 2806 aliquo
555 2723 732 2789 militatum.
772 2722 826 2788 Sa
855 2721 1039 2801 ODemea,
1144 2736 1196 2791 385

248 2818 335 2883 Istic
353 2829 401 2883 est
418 2841 538 2903 sapere,
556 2820 620 2883 non
638 2818 723 2902 quod
741 2829 813 2883 ante
831 2819 928 2904 pedes
945 2820 1069 2885 modost

128 2941 131 2944 ⁴
248 2911 377 2990 Videre,
396 2913 451 2977 sed
470 2912 564 2978 etiam
581 2913 635 2977 llla
653 2935 734 2996 quae
751 2911 860 2978 futirra
877 2925 951 2978 sunt

248 3006 443 3092 Prospicere.
494 3006 557 3071 Da.
593 3006 699 3088 Quid?
733 3008 830 3072 istaec
859 3007 922 3072 iem
947 3032 1044 3095 penes
1070 3032 1127 3074 uos

587 3101 763 3185 psaltriast?

125 3213 152 3254 as
165 3193 220 3260 Sr.
247 3194 350 3259 Ellam
368 3195 463 3258 intus.
498 3192 562 3259 Du.
580 3193 662 3271 Eho,
681 3218 722 3259 an
735 3195 850 3260 domist
861 3196 1044 3261 habiturus?
1072 3196 1126 3263 Sr.

586 3287 701 3365 Credo,
719 3300 754 3352 ut
772 3301 819 3354 est

249 3382 427 3447 Dementia.
463 3381 524 3446 Dn.
547 3383 671 3446 Haecin
689 3381 772 3446 lieril
810 3381 864 3448 Sr.
886 3384 1000 3470 Inepta
1016 3383 1127 3448 lenitas
1144 3393 1196 3448 390

248 3477 352 3541 Patris
378 3478 410 3540 et
436 3476 569 3540 facilitas
596 3478 702 3561 praua.
746 3474 809 3541 Du.
835 3477 955 3542 Fratris
981 3479 1032 3542 md
1058 3478 1128 3562 qui·

585 3570 657 3634 dem

249 3663 355 3729 Pudet
372 3663 531 3750 pigetque.
568 3663 621 3729 Sr.
644 3663 784 3728 Nimium
806 3665 887 3730 inter
907 3687 976 3742 uos,
994 3665 1127 3740 Demea,

250 3758 334 3838 (Non
360 3761 435 3842 qula
461 3759 536 3823 ades
562 3781 710 3845 praesens
737 3759 807 3824 dico
837 3759 909 3839 hoc)
939 3760 1127 3845 pemimiunr

586 3856 723 3918 interest

252 3947 313 4024 Tu,
333 3949 469 4032 quantus
488 3948 645 4030 quautu’s,
663 3949 707 4011 nll
725 3949 784 4012 nisi
803 3946 955 4034 sapientia
972 3970 1017 4025 es,

251 4041 309 4106 Ille
328 4042 494 4107 stimulum.
531 4065 604 4106 aum
622 4044 738 4108 sineres
756 4064 831 4107 uero
850 4043 938 4108 illim
955 4053 1042 4108 tuom
1145 4057 1197 4118 395
