2618 4462
110 231 147 304 ιι,
155 234 176 288 ι
570 234 720 292 Annam
1085 217 1126 283 21

162 354 222 421 Cn
244 359 343 424 Hune
370 360 476 444 ipsum
506 357 618 432 orabo,
647 356 721 423 huie
751 356 952 444 sdppiieabo,
987 355 1126 422 amdrem

584 450 657 515 huie
673 452 809 517 narrabd
827 474 947 517 meum:

246 542 375 610 Credo'
365 556 464 632 ampet
451 545 553 622 t,rabo
570 556 607 609 ut
618 545 747 628 aliquod
760 547 871 611 saltem
884 544 1002 631 naiptiie
1015 544 1128 630 proddt

462 684 465 689 ψ
584 638 665 704 dies:

243 733 370 835 intdrea
394 733 449 798 fiet
469 732 604 817 aliquid,
627 754 729 819 spero.
764 733 824 797 Βι.
851 732 891 797 Id
914 732 1059 816 ‘dliquid'
1083 732 1127 795 nil

164 843 167 847 ’
583 836 641 891 est.
678 823 737 891 Gn
756 826 881 912 Byrria,

122 936 148 978 ιι
245 919 332 1002 Quid
350 920 408 984 tibi
425 920 569 986 uidetur?
590 919 693 985 ddeon
711 921 751 984 ad
770 920 862 985 eum?
888 921 947 985 Βι.
971 918 1107 1001 Quid
1076 919 1127 983 m?
1144 930 1196 983 315

583 1037 610 1078 ιι
600 1014 671 1078 nil
688 1016 848 1100 impetres,

246 1110 289 1172 Vt
307 1121 339 1173 te
356 1107 525 1173 drbitretur
540 1109 602 1172 eibi
624 1119 769 1194 paratum
791 1108 970 1185 moechum,
992 1107 1019 1172 si
1040 1106 1127 1171 illam

585 1202 719 1267 diaxerit..

161 1292 220 1361 Cn
243 1276 331 1360 eibin
351 1295 426 1362 hine
450 1295 485 1360 in
507 1295 622 1360 malam
648 1318 714 1360 rem
741 1317 813 1360 eum
835 1295 1012 1382 suspicione
1038 1295 1128 1372 iaec,

583 1389 704 1455 scelus?

160 1478 219 1546 Pa
243 1481 419 1547 Charinum
436 1483 540 1548 uideo.
563 1484 661 1549 salue.
692 1481 753 1549 Ca.
777 1482 809 1548 Ο
825 1482 927 1559 salue,
945 1483 1127 1568 Pamphile:

244 1559 299 1641 dd
317 1590 348 1642 te
365 1577 502 1643 aduenio
523 1577 613 1663 spem
634 1576 769 1642 salutem
789 1577 941 1642 auxilium
964 1577 1128 1642 consilium

584 1671 746 1757 expetens.

121 1782 147 1821 ιο
160 1762 219 1827 Pe.
243 1763 355 1849 Neque
372 1765 425 1850 pol
440 1765 551 1830 consili
567 1765 673 1831 locum
686 1765 788 1831 habeo
804 1764 908 1848 neque
921 1764 963 1829 ad
976 1764 1129 1831 auxilium
1146 1777 1198 1831 320

585 1859 718 1944 cdpiam.

246 1949 369 2018 de't
329 1975 355 2016 ιι
357 1962 411 2018 tue
427 1952 504 2037 quid
520 1953 644 2018 namet?
630 1950 734 2018 ?.Gn
752 1952 858 2018 Hddie
876 1974 1007 2018 uxorem
1021 1953 1129 2018 ddeis?

582 2046 641 2111 ΡΑ.
665 2047 777 2112 Aiunt.
804 2045 865 2111 Cn.
886 2047 1066 2133 Pdmphile,

246 2138 282 2204 si
300 2139 333 2204 id
345 2140 435 2217 facie,
453 2140 547 2206 hodie
560 2154 753 2226 postremum
767 2140 818 2206 md
831 2140 932 2205 uides.
957 2141 1017 2206 ΡΑ.
1041 2141 1129 2224 Quid

583 2233 647 2298 ite?
673 2232 735 2299 Cn.
758 2233 800 2298 Εἰ
817 2234 905 2310 mihi·
1022 2246 1025 2251 ’

244 2327 366 2393 Vereor
383 2327 501 2393 dicere:
523 2327 598 2393 huie
615 2328 666 2392 die
678 2349 806 2412 quaeso,
824 2327 948 2414 Byrria.
974 2329 1034 2393 Βι.
1056 2328 1129 2415 Ego

327 2417 330 2421 ’
585 2421 697 2487 diedm.
732 2421 793 2487 Pe.
816 2421 905 2504 Quid
923 2422 989 2487 eet?

161 2515 220 2580 Βι.
244 2513 402 2600 Spdnnam
416 2514 468 2580 hie
481 2527 568 2581 tuam
578 2527 673 2580 amat.
689 2515 751 2581 Pe.
770 2515 820 2580 Ne
833 2515 892 2581 iste
905 2515 991 2581 haud
1004 2539 1129 2582 mecum

584 2608 689 2675 sentit.
716 2608 871 2675 ehodum
889 2609 940 2674 die
956 2609 1048 2674 mihi:
1180 2677 1184 2682 ff

121 2719 148 2760 aa
244 2703 276 2766 N
277 2703 330 2766 am
339 2702 418 2786 quid
430 2726 503 2767 nam
518 2703 653 2788 amplids
667 2703 724 2768 tibi
738 2725 810 2769 eum
824 2703 879 2768 illa
891 2703 961 2781 fuit,
973 2703 1130 2770 Charine?
1147 2709 1198 2764 325

588 2795 647 2861 Cn.
670 2797 736 2875 Ah,
753 2797 930 2884 Pamphile,

245 2889 308 2955 Nil.
336 2889 396 2954 ΡΑ.
420 2888 526 2971 Quam
544 2890 675 2956 uelleml
708 2889 767 2957 Ca.
790 2891 884 2956 Ndne
902 2903 932 2956 te
949 2915 1006 2978 per
1023 2892 1130 2958 amiei-

585 2985 661 3049 tiam
680 2995 711 3050 et
728 3007 785 3069 per
802 3006 942 3052 amorem
959 2986 1100 3062 dbseor0,

245 3077 407 3164 Principio
419 3092 454 3143 ut
468 3101 509 3142 ne
519 3078 626 3145 dnicae.
644 3078 704 3143 Ριι.
722 3078 818 3143 Dabo
831 3079 977 3163 equidem
991 3079 1129 3166 dperam.

587 3170 647 3240 Cn.
671 3171 736 3238 Sed
754 3173 781 3237 si
797 3173 831 3238 id
848 3173 912 3239 ndn
929 3184 1032 3260 potest

247 3266 315 3329 Ant
332 3265 390 3330 tibi
406 3265 536 3352 nuptiae
553 3265 630 3331 hedo
647 3278 720 3331 sunt
734 3266 831 3343 cordi,
849 3267 909 3332 ΡΑ.
929 3265 1046 3332 Cdrdi?
1068 3266 1128 3333 On.

584 3361 697 3424 saltem
715 3360 845 3444 aliqudd
861 3361 928 3426 dies

244 3452 369 3531 Prdier‚
397 3454 473 3518 dum
494 3455 675 3540 proficiscor
696 3454 813 3539 aliquo,
835 3455 876 3520 nd
898 3455 1033 3520 uideam.
1067 3455 1128 3521 ΡΑ.

258 3623 265 3643 ‚
576 3548 666 3612 Audi
682 3548 844 3613 nianciam:

245 3640 333 3726 Ege
362 3638 514 3719 Charine,
541 3664 582 3707 ne
608 3641 752 3725 iniquam
778 3642 918 3707 officium
943 3641 1035 3729 liberi
1061 3665 1129 3708 esse
1146 3660 1197 3715 330

584 3736 719 3800 hominis
737 3746 825 3822 puto,

247 3827 353 3925 Quom
372 3829 398 3893 ie
420 3828 464 3893 nil
486 3842 615 3904 mereat,
637 3829 796 3914 pdetulare
817 3831 849 3894 id
870 3828 950 3917 grdt
941 3851 991 3896 iae
1012 3829 1129 3916 adponi

584 3922 654 3988 sibi.

246 4016 294 4080 N
280 4016 382 4103 upt1as
400 4016 541 4104 effugere
558 4039 620 4104 ego
636 4017 713 4082 istas
725 4017 809 4083 mdlo
823 4040 918 4102 quam
933 4029 967 4083 tu
985 4018 1127 4106 apisoier.
