2618 4462
165 219 207 288 26
575 232 727 293 ANDRIA
747 288 749 292 .
1076 233 1114 306 ΙΙ,
1126 235 1181 295 se

95 371 147 427 415
248 357 359 442 Ipsum
375 357 456 434 ddeo
473 368 599 444 praesto
616 357 710 423 uideo
728 380 801 424 eum
818 357 928 423 Dauo:
946 357 1008 424 hde
1025 381 1130 445 egam.
1174 416 1176 420 .

164 449 210 518 Sr.
246 453 425 537 Vtrumque
452 452 562 518 adesse
587 452 691 517 uideo.
735 451 799 516 Dr.
834 453 908 530 Em,
935 475 1037 518 serua.
1082 451 1129 518 Sr.
1155 469 1169 512 a

443 610 445 618 ,
586 545 765 631 Pamphile.

164 639 226 704 Du.
249 638 352 721 Quasi
371 640 411 705 de
432 639 593 726 inprouiso
615 639 735 727 respice
757 639 898 705 adeum.
934 637 994 704 Pr.
1017 639 1130 718 Ehem,

585 743 685 819 pater.

163 827 227 891 Du.
250 827 366 891 Probe.
401 824 448 893 Sr.
474 826 580 893 Hddie
598 849 728 892 uxorem
747 826 855 904 ducas,
873 837 910 892 ut
927 826 1002 903 dixi,
1020 827 1104 892 uolo.

164 922 223 986 ΒΥ.
249 920 281 984 N
282 942 344 986 une
361 921 488 986 ndstrae
505 920 601 985 timeo
618 920 710 1005 parti,
728 920 805 1003 quid
822 920 874 986 hie
890 921 1089 1006 respdndeet.

94 1020 146 1074 420
162 1014 222 1078 Pu.
245 1013 358 1098 Neque
381 1013 452 1079 istie
476 1034 581 1097 neque
603 1014 678 1078 alibi
704 1015 762 1078 ubi
785 1013 843 1079 erit
864 1035 999 1098 usquam
1021 1015 1053 1079 in
1079 1016 1130 1080 md

585 1129 684 1184 more.
718 1108 778 1172 ΒΥ.
806 1109 901 1173 Hem.

162 1200 227 1265 Dr.
250 1198 430 1266 Obmutuit.
483 1202 543 1266 ΒΥ.
576 1199 663 1282 Quid
690 1201 787 1266 dixit?
840 1200 886 1268 S1.
917 1201 1011 1267 Facis
1037 1214 1072 1268 ut
1098 1203 1129 1267 td
1144 1219 1169 1261 1⁰

588 1296 688 1374 decet,
855 1364 857 1370 ,

249 1388 356 1468 Quom
374 1389 456 1454 istrie
472 1389 559 1473 quod
579 1391 705 1476 postulo
722 1391 857 1476 impetro
875 1412 947 1455 eum
966 1389 1076 1476 gretia.

163 1483 226 1548 DA.
250 1482 331 1549 Sum
356 1483 471 1548 uerus?
509 1485 570 1549 ΒΥ.
601 1483 696 1562 Erus,
722 1495 876 1568 quantum
902 1484 1006 1562 aridio,
1032 1504 1131 1548 uxore

586 1578 712 1643 excidit.

165 1671 211 1738 ΒΥ.
247 1671 264 1735 Ι
282 1671 430 1735 nunciam
447 1671 539 1747 intro,
556 1695 597 1738 ne
613 1673 646 1736 ln
665 1694 762 1751 mora,
780 1694 877 1757 quom
894 1664 974 1757 epus
992 1673 1042 1748 sit,
1060 1668 1131 1735 sies.

95 1777 147 1832 425
164 1765 223 1829 Pr.
246 1765 306 1830 Ed.
346 1766 407 1830 ΒΥ.
437 1764 576 1836 Nullane
601 1765 634 1830 in
660 1788 695 1831 re
720 1767 789 1832 esse
814 1764 986 1850 quoiquam
1012 1764 1132 1829 homini

586 1858 697 1926 fideml

174 2030 176 2034 Α
249 1955 369 2020 Verum
385 1951 464 2025 fllud
481 1953 657 2031 uerbumst‚
674 1953 771 2039 udlgo
790 1952 876 2037 quod
889 1952 955 2017 ‘diei
972 1952 1062 2030 solet,
1144 1967 1171 2010 1⁵

250 2044 363 2111 Omnis
382 2045 443 2110 sibi
460 2047 553 2112 malle
571 2047 684 2112 melius
702 2069 771 2112 esse
788 2068 885 2129 quam
902 2045 1004 2112 alteri.

247 2139 320 2226 Ego
337 2140 424 2204 illam
441 2139 522 2205 uidi:
540 2140 697 2226 uirginem
713 2140 816 2204 forme
832 2141 916 2211 bane

248 2233 384 2298 Memini
400 2233 515 2299 uideri:
534 2255 597 2318 quo
616 2234 745 2318 aequior
763 2256 833 2298 sum
852 2233 1030 2319 Pamphilo,

96 2341 148 2395 430
251 2327 287 2393 Si
305 2329 338 2392 sd
356 2328 443 2392 illem
460 2328 493 2392 in
507 2328 624 2393 somnis
637 2349 732 2412 quarn
750 2328 839 2392 illum
854 2327 1000 2413 amplecti
1013 2325 1132 2392 maluit.

250 2420 462 2500 Renuntiabq
484 2433 519 2487 ut
536 2443 594 2508 pro
611 2421 672 2487 hde
689 2422 773 2489 melo
789 2421 868 2487 mihi
887 2422 941 2486 det
961 2422 1089 2486 malum.
1145 2438 1173 2480 aa

491 2609 638 2674 Drvos
702 2608 809 2675 Sruo

104 2758 106 2767 ,
505 2716 617 2759 sssvos
707 2716 802 2760 suasu

166 2797 230 2862 Du.
254 2797 316 2862 Hie
334 2798 418 2874 nilne
436 2820 487 2868 me
505 2796 605 2862 eredit
621 2796 760 2881 aliquam
778 2796 838 2862 sibi
856 2796 1014 2862 fallaciam
1142 2813 1186 2867 ne

251 2891 383 2956 Portare
402 2903 433 2956 et
452 2914 489 2956 ea
506 2913 557 2956 me
574 2889 627 2954 hie
644 2891 793 2956 restitisse
811 2891 922 2977 gratia.

167 2984 213 3051 Sr.
250 2984 338 3067 Quid
359 2984 471 3050 Dauos
493 2985 618 3051 narrat?
646 2986 746 3069 adque
768 2985 938 3070 quiequam
959 2985 1044 3050 nune
1066 2985 1135 3070 qui·

591 3078 683 3144 dem?

97 3189 150 3244 435
250 3169 363 3238 Nilne?
381 3172 463 3238 hem.
489 3172 553 3238 Dn.
573 3173 627 3238 Nil
644 3194 783 3258 prorsus.
811 3171 857 3238 Sr.
874 3153 977 3256 Atqui
990 3186 1136 3260 expecta-

591 3267 666 3331 bem
683 3267 822 3351 quidem.

167 3364 231 3428 DA.
253 3362 385 3436 Praeter
416 3383 504 3448 spem
534 3361 653 3438 euenit,
686 3362 802 3427 sentior
837 3361 899 3428 hoe
928 3362 1011 3428 male
1042 3362 1176 3428 habete

593 3478 708 3520 urrum.

168 3551 214 3616 Sr.
249 3550 346 3616 Potin
363 3550 398 3615 ds
416 3547 492 3614 mihi
509 3571 621 3614 uerum
640 3549 763 3615 dicere?
797 3550 861 3615 Du.
888 3550 944 3616 Nil
960 3550 1094 3615 facilius.

169 3645 214 3712 Sr.
250 3644 339 3710 Num
355 3643 401 3708 illl
417 3643 568 3708 molestae
586 3643 748 3728 quidpiam
767 3643 846 3709 haee
863 3656 935 3708 sunt
954 3644 1082 3728 nuptiae

253 3740 334 3803 Eius
352 3738 482 3823 prdpter
500 3737 759 3802 consuetudinem
776 3737 907 3802 huiusce
925 3736 1088 3821 hdspitae?

98 3849 151 3906 440
168 3834 232 3897 Dr.
255 3832 310 3898 Nil
327 3831 432 3897 hercle
438 3855 447 3909 ;
466 3842 531 3907 aut,
549 3829 576 3894 si
594 3830 683 3908 adse,
702 3830 820 3895 biduist
837 3842 892 3896 aut
910 3829 1005 3896 tridui

253 3928 345 3992 Haec
363 3923 555 3990 sdllieitudoz
577 3924 679 3990 ndsti?
701 3923 815 3989 deinde
832 3923 964 3997 desinet.
1048 3983 1052 3990 .
1152 3942 1178 3984 ιο

252 4021 380 4086 Etenim
397 4021 485 4106 lpsus
504 4040 614 4085 seeum
628 4022 705 4115 edm
718 4039 787 4113 reru
804 4018 966 4125 reputquit
981 4015 1045 4083 uia.
