2618 4462
184 236 246 310 188
579 251 755 327 erronum
1057 248 1201 324 uara

266 355 455 462 intellegere
481 386 570 441 extra
596 375 725 452 datium,
750 376 837 442 intus
864 397 946 460 quae
970 378 1053 443 inter
1078 399 1147 443 sesa
1184 422 1187 449 t

603 469 665 555 ipsi
683 469 822 556 egerint?

182 562 246 629 Aa.
267 543 376 647 Atque
394 585 454 650 ego
472 584 600 648 quoque
619 563 761 627 aarum
782 563 868 643 uram
889 563 1041 629 suburam.
1061 556 1068 637 j
1086 563 1147 631 Ga.

602 656 706 722 Immo
725 657 819 722 etidm
838 656 921 722 dabo

268 748 341 831 Qud
370 749 472 835 magis
498 750 631 816 eredas:
666 753 796 837 pdtruos
825 751 947 817 interea
980 751 1054 832 inde
1085 752 1148 830 hue

603 843 763 928 egreditur
779 845 878 909 foras:

267 938 366 1004 Hadd
381 938 482 1003 multo
500 948 571 1023 post
589 940 662 1004 erim
677 950 767 1025 patre
784 939 868 1004 idem
885 938 996 1025 recipit
1014 961 1047 1005 se
1064 939 1146 1004 intro

604 1031 723 1097 dinuo:

113 1133 165 1189 880
266 1106 324 1193 rl'r't
341 1136 474 1210 uterque
491 1125 549 1190 tlbi
566 1136 754 1211 potestatem
771 1127 839 1192 eius
852 1126 1051 1192 adhibendae
1069 1127 1147 1191 dari.
1159 1145 1188 1187 aa

266 1219 415 1304 Denique
432 1241 492 1307 ego
510 1243 580 1285 sum
597 1222 723 1299 missus,
741 1230 773 1286 te
790 1232 826 1286 ut
842 1223 1034 1305 requirerem
1052 1233 1147 1306 atque

285 1351 288 1355 ·
555 1381 558 1386 ,
604 1313 802 1380 addicerem.
1186 1361 1188 1365 Α

182 1407 244 1473 An.
268 1406 354 1488 Qun
381 1429 457 1495 ergo
483 1430 559 1494 rape
584 1410 650 1474 me:
676 1409 754 1493 quid
775 1409 899 1475 cessas?
935 1407 996 1475 Gn.
1018 1409 1146 1475 Fecere.
1246 1437 1249 1441 ·

420 1519 422 1522 ’
603 1504 665 1570 An.
685 1501 717 1569 Ο
734 1504 778 1569 mi
795 1503 957 1580 Phdrmio,

266 1597 356 1663 Vale.
379 1596 439 1661 Pu.
453 1598 545 1677 Vale,
563 1598 717 1684 Antipha.
744 1599 835 1675 bene,
851 1599 897 1662 ita
913 1620 964 1663 me
982 1597 1015 1662 di
1032 1606 1148 1675 ament,

603 1694 737 1759 factum:
763 1693 897 1780 gaudeo.

564 1881 760 1947 Pnouuro

525 2030 527 2034 .
580 1987 745 2046 amamus

265 2068 402 2133 Tantam
419 2068 580 2133 fortunam
598 2069 638 2134 de
653 2068 815 2154 inprouiso
833 2091 902 2135 esse
920 2068 969 2133 his
987 2067 1107 2133 dataml
1155 2086 1200 2138 va

111 2167 164 2222 885
267 2161 401 2227 Summa
417 2162 565 2228 dludendi
583 2163 736 2228 occasiost
754 2162 831 2227 mihi
847 2164 932 2228 mine
950 2185 1041 2228 senes

265 2256 309 2322 Et
326 2255 503 2322 Phaedriae
522 2279 630 2322 euram
648 2256 787 2322 adimere
805 2256 1027 2343 argentariam,

263 2351 313 2416 Ne
332 2353 502 2435 quoiquam
520 2373 651 2416 suorum
668 2351 850 2434 aequalium
867 2351 1002 2436 supplan
1019 2350 1086 2416 siet.

263 2444 347 2510 Nam
375 2445 461 2510 idern
487 2444 548 2510 hdo
574 2455 756 2531 argentum,
784 2445 829 2510 ita
855 2444 890 2509 r'rt
916 2444 1069 2522 datumst,
1099 2444 1187 2508 in-rt

569 2623 570 2626 Ἴ
603 2540 713 2626 gratiis

262 2632 305 2698 Ei
322 2633 431 2698 datum
448 2633 520 2698 erit:
538 2632 599 2699 hoe
617 2635 671 2717 qui
689 2634 811 2720 rigam,
828 2656 864 2699 re
881 2633 950 2719 ipsa
966 2631 1102 2717 repperi.

110 2731 162 2785 890
262 2727 357 2791 Nune
374 2728 483 2813 gestus
500 2727 577 2792 mihi
594 2729 761 2811 uoltusque
779 2736 826 2792 est
841 2726 1015 2812 sapiundds
1033 2746 1144 2792 nouos.

263 2821 330 2887 Sed
337 2820 410 2885 hine
419 2821 589 2887 concedam
602 2821 635 2886 in
649 2822 851 2908 angiportum
864 2820 924 2885 hoe
938 2819 1140 2906 prdxumum

262 2915 342 2980 Inde
358 2915 443 2980 hisee
461 2914 625 2983 ostendam
642 2939 703 2992 me,
722 2915 777 2979 ribi
795 2925 886 2982 erunt
904 2916 1022 2999 egressi
1041 2914 1135 2978 foras.

262 3008 337 3090 Quo
359 3031 410 3074 me
430 3009 654 3074 adsimulatam
675 3010 721 3075 ire
742 3010 784 3075 ad
802 3020 988 3086 mereatum,
1010 3009 1072 3072 ndu
1096 3030 1143 3073 eo.
1159 3028 1186 3068 ιο

305 3197 503 3263 Dnnrrno
565 3194 763 3261 Cnanuns
823 3195 1018 3262 Pnoanru

351 3304 444 3348 snnns
644 3305 668 3346 11
836 3302 998 3347 numanus

177 3384 241 3450 Dn.
263 3384 325 3449 Dis
343 3387 474 3470 magnas
490 3384 602 3450 merito
619 3384 737 3471 gratias
754 3383 856 3449 habeo
874 3386 969 3466 atque
988 3406 1059 3470 ago,
1153 3402 1199 3453 va

110 3488 161 3543 895
263 3479 400 3560 Quando
418 3481 553 3545 duenere
570 3479 648 3544 haee
664 3478 765 3555 ndbis,
783 3478 890 3554 frater,
908 3479 1066 3563 prdspere.

179 3571 239 3638 Cn.
263 3573 362 3638 Estne
380 3576 424 3637 ita
441 3576 489 3638 uti
505 3573 570 3637 dini
588 3572 745 3639 liberalis?
775 3571 838 3636 Dn.
858 3551 998 3657 Oppido.
1152 3587 1197 3643 (ra)

264 3666 428 3748 Quantum
445 3679 558 3752 potest,
576 3689 661 3732 nune
678 3666 929 3732 eduneniundust
946 3664 1106 3743 Phemio,

262 3761 358 3826 Prius
376 3763 472 3844 quam
489 3760 642 3846 dilapidat
658 3762 780 3826 uestras
798 3759 926 3846 triginta
943 3759 1044 3824 minas

263 3857 308 3921 Vt
326 3854 515 3919 adferamus.
551 3853 611 3920 Pa.
630 3853 864 3939 Demiphonem
883 3854 910 3917 s1'
929 3853 1045 3917 domist
1172 3871 1186 3913 s

110 3955 162 4011 900
263 3948 385 4024 Visam,
411 3949 446 4012 irt
468 3948 554 4032 quod
577 3996 585 4012 .
609 3996 617 4012 .
641 3947 703 4013 Da.
729 3949 774 4012 At
800 3968 858 4013 nos
884 3946 926 4012 ad
952 3957 984 4012 te
1010 3947 1144 4024 ibamus,

603 4042 761 4110 Phdrmiu.

984 4164 987 4169 .
997 4160 1000 4167 .
1010 4140 1037 4167 “s-
1090 4160 1093 4165 .

981 4164 1052 4207 *rusti
1063 4168 1096 4207 ὑ...
1106 4204 1109 4207 ,
1121 4174 1126 4205 l
