2618 4462
510 235 606 295 VITA
623 221 792 293 unarum
1116 211 1143 281 5³

105 356 168 448 esi-3¹}-
239 355 307 410 Post
323 355 411 411 editas
427 375 472 411 sex
488 357 653 426 comoedias,
669 357 791 411 nondum
807 355 933 426 quintum
944 359 1028 423 atque
1039 352 1137 407 uicesi-

104 419 125 458 p‘
142 432 160 500 s*
171 456 246 493 mum
261 457 388 512 egressus
404 458 513 511 annum,
530 442 615 497 animi
631 459 715 496 causa
725 460 770 496 aea
782 439 912 495 ditandae
924 437 1069 511 opinionis,
1082 453 1137 507 qua

171 524 318 580 uidebatur
337 528 428 582 aliena
447 543 498 598 pro
518 528 574 582 suis
595 529 690 595 edere,
711 543 761 582 seu
780 525 950 598 percipiendi
968 523 1137 578 Graecorum

172 609 297 666 instituta
312 628 468 683 moresque,
490 629 558 684 quos
578 629 632 667 non
651 613 766 684 perinde
788 611 953 683 exprimeret
972 606 1136 678 inscriptis,

173 711 299 765 egressus
318 699 440 752 orbesat
456 714 544 769 neque
568 699 685 769 amplius
706 696 796 752 rediit.
832 697 868 752 de
888 700 975 750 morta
996 693 1054 748 eius
1070 691 1135 748 Vol·
1154 691 1171 744 5

173 779 265 835 canius
277 780 317 836 sic
328 777 425 838 tradit:

130 897 156 937 ro
208 880 262 937 Sed
274 889 305 938 ut
318 862 389 939 r'lfer
400 887 501 957 populo
514 859 560 941 ser
573 884 650 940 dedit
661 864 826 954 comoedias,

207 967 264 1021 lter
275 966 340 1023 bine
350 970 380 1023 in
392 972 487 1025 Asiam
500 969 576 1026 iecit.
611 987 710 1026 nauem
721 980 805 1024 cutem
816 965 848 1024 lt
858 968 944 1023 semel

208 1051 381 1125 Conscendit,
392 1057 468 1110 uisus
479 1053 628 1128 numquam
640 1062 694 1110 est:
707 1055 747 1110 sic
757 1053 817 1110 uitd
827 1059 917 1109 uacat.

173 1153 204 1218 Q.
219 1153 367 1212 Cosconius
382 1159 542 1214 redeuntem
555 1176 570 1215 a
583 1158 703 1214 Graecia
717 1157 822 1230 perisse
837 1157 867 1212 in
882 1156 952 1211 mari
968 1154 1053 1208 ‘sinu
1064 1153 1136 1206 Leu-
1155 1153 1188 1204 10

173 1241 294 1298 cadiae·
311 1241 379 1297 dicit
393 1261 455 1298 cum
467 1242 509 1314 [C.
522 1250 551 1299 et
561 1244 653 1315 VIII.]
670 1243 772 1298 fabulis
789 1241 928 1298 conuersis
943 1259 961 1296 a
977 1238 1136 1296 Menandro.

131 1338 157 1381 15
174 1326 259 1380 ceteri
277 1333 414 1383 mortuum
435 1345 495 1384 esse
514 1328 543 1383 in
564 1329 686 1384 &cedia
703 1327 859 1400 Stymphali
880 1328 953 1398 [sinn
967 1324 1136 1394 Leucadiae]
1186 1362 1188 1366 -

105 1433 126 1474 p
136 1425 161 1464 aa
174 1412 286 1489 tradunt
298 1412 347 1467 Cn.
361 1413 486 1469 Cornelio
498 1414 645 1469 Dolabella
657 1415 695 1469 M.
707 1414 807 1469 Fuluio
819 1414 958 1470 Nobiliore
971 1411 1136 1479 consulibus,

174 1498 268 1552 morbo
279 1497 441 1570 implicitum
454 1498 533 1570 [acri]
547 1516 580 1553 ex
592 1501 684 1555 dolore
696 1516 730 1554 ac
741 1499 834 1554 taedio
845 1499 1005 1553 amissarum
1017 1497 1135 1552 sarcina·

173 1598 242 1650 rum,
254 1597 323 1651 quas
335 1584 365 1638 in
376 1601 447 1639 naue
458 1585 647 1656 praemiserat,
660 1602 693 1640 ac
705 1585 785 1640 simul
796 1584 961 1653 fabularum,
973 1599 1042 1654 quas
1050 1597 1136 1636 nouas
1155 1581 1188 1635 15

174 1666 288 1722 iecerat.
778 1679 780 1682 ·

241 1753 338 1809 Fuisse
362 1755 462 1810 dicitur
484 1755 615 1810 mediocri
638 1760 755 1824 statura,
779 1753 877 1827 gracili
898 1769 1023 1825 corpore,
1048 1751 1137 1807 colore

144 1851 158 1893 o
175 1837 259 1893 fusco.
294 1839 407 1909 reliquit
421 1839 521 1911 filiam,
538 1858 608 1911 quae
624 1847 686 1912 post
703 1842 789 1911 equiti
804 1842 927 1894 Romano
944 1838 1050 1911 nupsit,
1070 1837 1138 1892 item

174 1924 295 1980 hortulos
306 1925 364 1979 XX
375 1925 500 1996 iugerum
511 1927 559 1981 uia
568 1926 661 1998 Appia
673 1927 708 1980 ad
721 1926 818 1981 Martis
831 1925 956 1995 [uillam].
981 1939 1036 1994 qno
1048 1924 1138 1995 magis

175 2009 257 2063 miror
268 2010 396 2064 Porcium
409 2011 542 2067 scribere:
1154 2008 1189 2062 20

210 2109 303 2183 Scipio
315 2113 354 2166 nil
366 2110 478 2184 profuit,
490 2114 530 2168 nil
541 2111 662 2183 Laelius,
673 2113 714 2168 nil
725 2110 833 2183 Furius,

209 2195 280 2252 Tres
291 2215 341 2268 per
352 2197 381 2252 id
393 2195 501 2269 templis
513 2199 562 2270 qui
572 2200 717 2270 agitabant
728 2197 834 2254 ndbiles
846 2197 998 2253 facillume:

209 2279 311 2338 Eorum
322 2282 370 2338 ille
383 2300 467 2354 opera
478 2280 514 2338 na
526 2285 635 2338 domum
647 2285 759 2354 quidem
770 2281 867 2339 habuit
879 2280 1087 2353 conducticiam,

210 2367 314 2422 Sdltem
326 2373 356 2422 ut
368 2373 440 2424 esset
451 2365 505 2440 qud
518 2369 633 2424 referret
645 2367 751 2425 obitum
763 2369 865 2423 domini
878 2366 1008 2423 sdruolus.

244 2471 325 2525 Hunc
337 2471 469 2526 Afranius
485 2471 596 2542 quidem
612 2471 737 2527 omnibus
753 2470 864 2526 comicis
880 2471 1002 2543 praefert
1017 2470 1138 2526 scribens
1155 2472 1190 2526 25

176 2557 205 2610 in
218 2555 428 2628 Compitalibus:

134 2662 160 2702 ro
212 2651 325 2708 Terenti
337 2670 431 2705 numne
442 2648 561 2707 similem
572 2650 663 2706 dicent
675 2645 851 2722 quempiam?

109 2767 166 2817 psa
178 2754 324 2811 Volcacius
341 2760 432 2809 autem
448 2772 501 2809 non
518 2754 605 2808 solum
620 2753 728 2809 Naeuio
744 2757 772 2807 et
788 2754 887 2807 Plauto
904 2757 933 2808 et
945 2751 1073 2823 Caecilio,
1090 2755 1139 2808 ssd

177 2839 285 2894 Licinio
297 2856 405 2912 quoque
418 2845 446 2894 et
457 2839 544 2894 Atilio
555 2838 703 2910 postponit.
733 2837 829 2894 Cicero
840 2840 869 2893 in
880 2838 995 2892 Limone
1007 2839 1140 2894 hactenus

178 2926 286 2980 laudat:
1157 2925 1192 2980 30

212 3011 257 3064 Tu
269 3025 387 3082 quoque,
400 3009 448 3080 qui
461 3011 533 3065 solus
543 3010 616 3064 lecto
628 3025 760 3080 sermone,
773 3008 896 3079 Terenti,

213 3095 380 3151 Conuersum
393 3112 603 3166 expressumque
615 3094 717 3149 Latina
728 3111 796 3150 uoce
808 3094 989 3149 Menandrum

148 3193 163 3236 o
212 3183 245 3236 ln
257 3181 377 3236 medium
388 3180 468 3235 nobis
480 3182 583 3234 sedatis
594 3180 708 3234 motibus
721 3180 810 3249 effers,

213 3268 351 3332 Quiddam
363 3283 438 3322 come
450 3267 564 3336 loquens
576 3271 659 3336 atque
671 3265 761 3320 omnia
773 3265 865 3320 dulcia
876 3266 996 3324 macene.

179 3372 250 3425 ltcm
262 3368 292 3424 C.
306 3367 420 3424 Caesar:

214 3457 259 3510 'l'u
271 3470 389 3525 quoqne,
400 3459 431 3509 tu
442 3455 471 3510 in
483 3452 603 3523 summis,
615 3470 632 3508 o
645 3453 786 3508 dimidiata
799 3453 959 3524 Menander,

214 3540 337 3611 Poneris,
350 3545 378 3596 et
388 3541 494 3609 merito,
506 3540 569 3611 puri
581 3540 711 3594 sermonis
723 3544 837 3594 amator.

138 3640 163 3680 ro
214 3625 336 3680 Lenibus
349 3630 432 3696 atque
443 3625 548 3680 utinam
560 3624 670 3696 scriptis
681 3625 811 3679 adiuncta
822 3624 894 3679 foret
905 3623 958 3695 uis,

215 3711 326 3766 Comica
336 3715 368 3764 ut
379 3715 496 3782 aequato
507 3709 595 3764 uirtus
606 3710 723 3781 polleret
733 3710 836 3765 honore

216 3797 284 3851 Cum
297 3795 411 3851 Graecis
423 3813 491 3851 neue
504 3796 556 3849 hae
568 3796 714 3866 despectus
726 3801 804 3866 parte
816 3796 933 3850 iaceresl

217 3883 307 3940 Vnum
319 3883 371 3936 hoc
382 3897 504 3935 maceror
516 3897 549 3935 ac
561 3881 641 3936 doleo
652 3881 703 3936 tibi
716 3882 804 3951 desse,
817 3881 938 3936 Terenti.
