2618 4462
225 234 285 303 178
615 245 789 311 PHORMIO

517 531 710 596 Asmno
774 526 893 596 (in-rt

516 644 709 691 nnvnnsonns
776 645 889 689 snnvos

222 747 283 812 An.
307 744 400 813 Geta.
428 744 489 812 Gn.
508 745 603 810 Hom.
631 745 693 809 An.
712 741 799 825 Quid
818 709 939 830 egisti?¹
954 740 1016 810 Gn.
1036 725 1237 822 Emunxi1v,e

642 838 773 924 argento
789 860 890 904 senes.

221 935 283 998 An.
306 932 398 1000 Satin
415 933 463 998 est
484 931 536 997 id?
571 929 632 1000 Gn.
657 931 771 998 Nescio
793 931 912 999 herelet
935 943 1058 998 tantum
1078 932 1183 999 iitssus

640 1048 722 1092 sum.

220 1122 282 1185 As.
305 1120 386 1198 Eho,
404 1119 548 1197 uerbero,
566 1117 653 1185 aliud
669 1119 746 1183 mlhi
762 1118 934 1204 respondes
951 1120 988 1184 oo
1006 1119 1102 1206 rogo?

152 1222 203 1277 685
221 1214 281 1280 Gn.
305 1213 391 1296 Quid
409 1215 485 1300 ergo
502 1214 630 1279 narras?
664 1213 725 1279 As.
744 1211 831 1294 Quid
849 1234 909 1299 ego
923 1215 1069 1279 narrem?
1086 1215 1183 1300 operi

641 1317 696 1371 tuo

303 1400 359 1466 Ad
374 1400 483 1467 restim
501 1400 578 1466 mihi
594 1400 723 1484 quidem
739 1422 789 1465 res
806 1398 887 1465 redit
902 1398 1104 1484 planissume.
1207 1419 1221 1461 o

303 1496 348 1560 Vt
364 1495 396 1559 te
413 1494 542 1579 quidem
559 1517 668 1559 omnes
687 1495 720 1558 dt
736 1492 825 1570 deae,
843 1493 949 1579 superi
965 1492 1059 1558 inferi

303 1588 399 1653 Malis
417 1587 568 1674 exemplis
585 1585 732 1673 perdonti
752 1609 813 1664 em,
831 1586 858 1651 si
874 1586 952 1671 quld
968 1586 1058 1664 uelis,

303 1680 389 1747 Huio
414 1681 555 1759 mindes
581 1679 638 1766 qui
662 1693 694 1746 te
720 1678 762 1745 ad
788 1678 950 1765 scopulum
972 1702 990 1745 e
1012 1682 1180 1766 tranquillo

391 1777 392 1780 ’
639 1774 770 1838 silenat.

304 1867 392 1947 Quid
408 1869 513 1933 minus
530 1867 640 1933 utibile
657 1866 717 1932 fult
733 1887 830 1953 quam
847 1865 907 1931 hoo
925 1868 1015 1953 ulons
1033 1869 1162 1954 tongere

303 1962 372 2025 Aut
389 1959 551 2026 nominare
568 1960 718 2026 uxorem?
734 1959 878 2024 iniectast
896 1961 967 2045 spes
985 1962 1066 2045 patri
1194 1983 1220 2023 to

301 2056 401 2120 Posse
418 2054 656 2122 illamextrudi.
691 2053 769 2120 sedo
787 2075 872 2118 nuno
888 2076 995 2139 porro:
1017 2055 1167 2121 Phormio

301 2149 420 2214 Dotem
437 2148 465 2215 si
482 2148 624 2235 accipiet,
641 2149 721 2214 itxor
738 2147 912 2213 ducendtst
929 2148 1072 2215 domum:

302 2241 389 2324 Quid
414 2243 489 2309 flet?
544 2240 604 2308 Gn.
634 2243 706 2308 Non
732 2241 816 2307 enim
842 2242 944 2308 ditoet.
993 2245 1054 2308 An.
1085 2245 1178 2310 Noui.

639 2339 779 2404 ceterum

301 2431 408 2514 Quom
427 2432 592 2519 argentum
609 2442 761 2518 repetent,
779 2431 884 2496 nostra
901 2454 997 2498 eausa
1014 2433 1132 2500 sollioet

300 2527 339 2591 In
357 2527 488 2591 neruom
505 2524 610 2612 potius
627 2525 695 2590 ibit.
731 2525 791 2593 Gn.
816 2524 870 2591 Nil
888 2536 945 2604 est,
962 2505 1115 2613 Antipho,
1192 2550 1219 2591 1⁵

303 2619 391 2700 Quin
407 2619 489 2689 mlle
507 2619 662 2685 narrando
680 2619 776 2705 possit
793 2618 1009 2704 deprauirier:

301 2714 354 2778 Tu
371 2713 405 2777 itl
422 2712 506 2796 quod
523 2712 628 2778 boniet
646 2713 797 2798 excerpis,
816 2710 894 2777 diois
912 2713 995 2796 quod
1014 2713 1127 2779 maliet.

301 2807 390 2872 Audi
406 2829 490 2873 nuno
508 2818 628 2873 eontra:
645 2806 708 2870 itm
727 2807 753 2871 si
771 2817 937 2892 argentum
954 2809 1119 2894 occeperit,

302 2900 486 2965 Ducendost
502 2922 594 2978 uxor,
611 2901 646 2965 ot
664 2909 721 2977 als,
738 2899 876 2964 concedo
893 2899 964 2965 tibi:

302 2993 447 3079 Spatit'tm
465 2994 592 3078 quidem
609 2993 737 3058 tandem
754 2993 928 3078 odparondi
944 2994 1081 3080 nt'tptias,
1192 3017 1218 3056 so

301 3087 456 3165 Vooindi,
474 3087 679 3152 sacrufioltndi
698 3086 824 3153 dabitur
840 3087 1014 3173 paitlulum.

301 3183 428 3248 Interea
444 3181 536 3248 amici
554 3182 638 3265 quod
655 3181 785 3267 polliciti
802 3182 875 3247 stint
892 3180 1026 3248 dabunt:

301 3275 381 3342 Inde
405 3277 465 3342 lste
487 3276 606 3342 reddet.
642 3277 703 3340 An.
731 3275 899 3365 Quamob
920 3276 1006 3343 rem?
1027 3288 1082 3342 aut
1102 3277 1180 3362 quid

640 3369 740 3435 dicet?
776 3366 837 3436 Gn.
860 3369 986 3456 Rogas?

302 3462 412 3545 ‘Quod
429 3464 479 3528 ros
496 3463 620 3549 postilla
637 3464 776 3529 monstra
793 3463 965 3529 eueneritnt
982 3462 1072 3529 mihil

300 3558 389 3622 Intro
407 3557 442 3621 lit
459 3556 491 3621 in
509 3557 596 3622 aedis
613 3560 680 3622 oter
698 3555 817 3620 alient'ts
836 3556 938 3634 oanis3
1191 3578 1217 3619 sn

301 3649 672 3734 Angulsperinpluuium
690 3648 806 3714 decidit
822 3649 862 3714 de
880 3649 1010 3735 tegulis3

302 3742 430 3809 Gallina
447 3742 573 3820 oeoinit3
590 3742 751 3808 interdixit
768 3742 920 3808 hariolus:

300 3839 459 3923 Harispex
476 3837 575 3902 uetuit
581 3861 590 3913 ;
607 3838 680 3902 inte
697 3836 842 3900 brumam
860 3837 964 3901 autem
982 3838 1056 3902 noui

299 3931 414 4018 Negoti
430 3931 568 4016 incipere
632 3929 649 3965 ⁸*
723 3930 740 3966 ⁸*
812 3931 830 3966 ¹*
902 3930 920 3965 ¹*
992 3930 1010 3965 ¹*

301 4026 318 4063 ¹*
404 4025 421 4062 ¹*
507 4026 525 4061 ¹*
610 4022 635 4089 't
652 4024 734 4111 quoe
752 4036 874 4090 oausast
893 4022 1081 4089 iustissumo.
1190 4045 1217 4088 to
