2618 4462
554 262 728 320 mortiflo

702 358 710 401 i

478 511 804 582 PROLOGVS.

161 646 337 733 Postquam
354 654 448 735 polita
465 651 557 715 uitus
574 654 700 734 postam
716 650 781 714 ndu
798 658 902 735 potest

162 750 334 817 Retrahere
351 775 372 816 a
389 751 494 816 studio
512 763 544 816 et
560 751 721 816 trdnsdere
738 751 898 817 hominem
915 751 948 817 in
965 751 1073 828 titium,

161 851 342 918 Maledictis
360 852 516 920 deterrdre
534 874 574 918 ne
592 852 708 918 scribat
724 862 815 939 parat
820 878 830 932 ;

163 952 228 1035 Qui
245 954 290 1019 ita
307 955 437 1033 dictitat,
455 977 534 1038 quas
551 954 685 1020 antchac
700 954 777 1021 fecit
793 956 927 1033 fibulas,

136 1056 266 1121 rTenui
283 1059 352 1122 csse
371 1057 509 1123 oratidne
527 1066 559 1122 et
575 1056 731 1142 scriptura
746 1057 825 1123 leui:
1159 1065 1178 1121 5

163 1156 249 1239 Quia
264 1160 421 1243 misquam
437 1159 583 1224 insanum
601 1159 723 1244 scripsit
740 1159 1012 1225 adulescentulum

163 1257 301 1326 Ceruim
318 1261 426 1327 uidere
443 1261 555 1347 fugere
572 1271 604 1327 et
621 1263 734 1326 sectari
750 1284 845 1329 canes

163 1361 205 1426 Et
222 1365 292 1428 edm
309 1363 442 1450 plorare,
460 1365 549 1428 ordre
566 1372 602 1427 ut
619 1362 787 1428 subuenidt
803 1362 874 1428 sibi.

163 1462 262 1545 Quod
277 1465 304 1531 si
320 1438 526 1552 inlellegeret,
544 1467 641 1549 qudm
659 1465 747 1531 stetit'
761 1465 836 1529 olim
853 1487 947 1543 noua,

44 1611 48 1639 2
124 1566 288 1633 1⁰Actdris
305 1588 401 1653 opera
417 1567 519 1654 magis
536 1566 658 1633 stetisse
675 1568 772 1651 quim
788 1589 857 1645 sua,
1144 1579 1178 1632 10

83 1662 86 1666 ’
162 1667 272 1734 Minus
288 1668 389 1735 mdlto
406 1670 565 1747 audacter,
583 1670 680 1752 quim
697 1691 782 1734 nunc
799 1669 904 1746 laedit,
922 1669 1070 1736 laederet.

161 1769 256 1837 Nunc
273 1773 301 1836 si
318 1771 388 1857 quis
406 1781 464 1849 est,
482 1771 538 1855 qui
554 1771 615 1838 hoc
632 1771 716 1837 dicat
732 1781 788 1837 aut
805 1771 851 1838 sic
868 1772 997 1859 cdgitet:

162 1874 279 1941 ‘Vetus
293 1874 323 1938 si
339 1878 433 1959 polita
449 1874 511 1938 udn
528 1873 706 1939 lacessisset
721 1873 817 1961 prior,

161 1974 293 2040 Nullum
309 1975 451 2042 inuenire
467 1976 634 2061 prdlogum
652 1976 758 2061 posset
775 1977 905 2043 nouos’:

123 2095 150 2136 ιε
164 2075 283 2164 [Quem
300 2076 428 2155 diceret,
444 2076 505 2142 nisi
522 2077 652 2143 haberet
669 2077 720 2144 cui
736 2079 819 2143 male
836 2077 982 2166 diceretz]
1142 2093 1176 2148 15

161 2179 195 2244 Is
212 2178 271 2244 stbi
287 2200 473 2267 responsum
490 2178 551 2245 hoc
569 2179 694 2258 habeat,
711 2179 745 2245 in
762 2181 865 2246 medic
883 2182 1028 2247 dmnibus

161 2280 307 2346 Palmam
323 2283 392 2347 esse
408 2281 553 2368 positam,
571 2281 627 2366 qui
644 2283 743 2348 artem
760 2293 894 2348 tractant
912 2284 1075 2350 musicam.

162 2382 220 2448 Ille
237 2383 278 2447 ad
295 2383 411 2449 famem
429 2383 514 2449 hunc
531 2407 551 2448 a
567 2382 671 2449 stddio
688 2385 808 2449 studuit
825 2384 955 2451 reicere:

161 2485 226 2550 Hic
242 2483 431 2570 rdspondere
448 2484 558 2563 udluit,
574 2509 639 2550 non
655 2487 820 2552 lacessere.

122 2587 341 2652 ”Benedictis
359 2586 385 2652 si
403 2589 563 2664 certasset,
580 2587 720 2653 audissdt
736 2588 832 2653 bene:
1140 2605 1176 2660 20

162 2689 258 2770 Quod
275 2689 315 2753 ab
331 2689 387 2754 illo
403 2689 584 2768 adlatumst,
602 2687 664 2775 [idl
683 2689 830 2770 albiense
847 2691 991 2755 rellatum
1009 2701 1108 2776 putet.

161 2790 214 2858 De
229 2791 283 2856 illd
300 2790 363 2856 iam
380 2791 475 2856 finem
493 2790 608 2857 ficiam
626 2791 755 2856 dicundi
770 2790 858 2867 mihi,

160 2893 320 2959 Peccandi
337 2916 432 2978 quom
449 2894 517 2979 ipse
534 2893 574 2959 dd
591 2916 625 2958 se
642 2894 738 2959 finem
754 2893 815 2958 ndn
832 2893 917 2958 facit.

161 2995 256 3062 Nunc
271 2996 349 3081 quid
364 2996 459 3062 uelim
476 2996 617 3061 animum
634 2995 798 3061 attendite:
816 2996 946 3082 adportd
963 3019 1080 3064 nouam

123 3097 448 3185 sclipidicazcmenou
465 3099 561 3182 quim
577 3109 693 3163 uocant
710 3097 904 3164 comoediam
1139 3117 1174 3174 25

162 3199 288 3278 Graeci,
306 3200 413 3265 Latini
430 3199 654 3266 Phdrmionem
671 3200 844 3277 ndminant,

162 3302 248 3387 Quia
263 3304 380 3389 primas
397 3303 494 3388 partis
511 3303 567 3388 qui
583 3312 667 3389 aget,
684 3303 712 3368 is
729 3302 788 3368 erit
804 3301 954 3368 Phdrmio

161 3404 335 3483 Parasitus,
353 3427 409 3491 per
426 3426 520 3488 quem
537 3405 588 3470 ris
606 3416 733 3492 geretur
749 3407 907 3482 maxume,

161 3506 317 3574 Volimtas
334 3519 442 3572 ucstra
460 3507 486 3571 si
503 3507 544 3572 ad
562 3512 687 3593 po‘e'tam
705 3507 881 3572 accesserit.

123 3627 149 3668 sc
162 3604 247 3676 Date
265 3610 403 3695 dperam,
421 3609 527 3676 adeste
546 3630 646 3694 aequo
663 3610 768 3674 inimo
785 3632 842 3696 per
860 3608 1027 3687 silentium,
1139 3633 1173 3687 30

161 3711 194 3782 N
194 3733 212 3776 e
228 3711 321 3776 simili
338 3722 464 3777 utamur
480 3712 615 3788 i'drtuna,
633 3722 727 3795 atque
745 3713 795 3776 usi
812 3734 920 3776 sumus

163 3811 269 3894 Quom
286 3815 343 3899 pir
360 3815 528 3879 tumultum
547 3814 650 3879 ndster
667 3837 746 3901 grex
764 3814 865 3878 mutius
882 3814 995 3879 locost:

162 3914 270 3997 Quem
288 3915 401 3981 actdris
418 3916 519 3982 uirtus
536 3916 625 3982 ndbis
642 3916 776 3983 restituit
792 3917 895 3981 locum

163 4016 357 4103 Bonitasque
374 4028 481 4083 uostra
498 4018 642 4083 adidtans
660 4030 753 4103 atquc
771 4018 1007 4102 aequanimitas.
