2618 4462
106 278 173 350 uo
548 273 723 333 ruoamo
1059 258 1119 327 187

119 417 144 460 u
157 401 219 467 Au.
242 380 292 466 ita
309 400 419 478 uelim3
437 399 495 466 sed
511 400 566 483 qui
583 399 664 509 istuc
682 397 808 464 credam
822 397 866 463 ita
883 396 953 463 csse
969 395 1048 462 mihi
1060 395 1123 462 dici
1138 399 1190 456 855

157 586 218 653 Gn.
241 585 352 654 Satine
377 597 427 653 est
452 586 479 653 si
505 597 537 652 te
560 493 736 745 {illidium
762 584 879 672 gaudio
905 583 1025 650 reddo?
1058 585 1121 650 Au.

154 775 215 840 Pa.
238 772 326 855 Quin
350 784 387 840 tu
412 773 485 840 hino
511 701 752 860 poffioiiiiiiies
778 771 868 838 adfer
892 783 925 838 et
946 770 1033 857 quod
1057 771 1121 836 fers

240 962 293 1028 Tu
305 983 432 1047 quoque
447 962 568 1040 aderas,
580 864 992 1028 oliiidrmiiii:Piihiideram.
1016 959 1072 1025 aad
1086 971 1121 1024 tu

579 1055 702 1121 cessas?
736 1052 798 1121 Gn.
815 1035 948 1140 Accipe,
966 1075 1031 1119 em:

239 1129 286 1217 it
311 1149 406 1215 modo
432 1150 597 1236 argentum
628 1147 685 1214 tibi
716 1147 860 1215 dedimus
890 1148 976 1234 apud
1005 1146 1120 1225 forum,

579 1244 665 1308 recta⁴
682 1241 811 1307 domum

117 1355 144 1395 ²⁰
242 1337 360 1404 Simus
373 1335 521 1422 prosecti3
538 1336 659 1401 interea
671 1336 765 1400 mittit
782 1337 854 1402 erus
867 1357 919 1401 me
933 1334 973 1403 ad
989 1333 1119 1399 uxorem
1137 1338 1189 1394 860

156 1524 218 1590 Au.
241 1523 347 1606 Quam
365 1525 407 1589 ob
424 1523 509 1589 rem?
531 1441 731 1589 Gniuffimo
749 1522 906 1610 proloqui3
928 1546 1001 1588 nam
1018 1523 1063 1588 nil
1080 1521 1122 1588 ad

352 1669 354 1672 .
576 1616 658 1682 hanc
675 1639 741 1682 rem
764 1628 826 1695 est,
847 1597 1001 1702 Antipho.

240 1691 306 1776 ibi
327 1710 359 1775 in
385 1732 582 1797 gynaeceum
602 1711 648 1775 ire
670 1709 800 1795 occipio,
826 1710 905 1795 puer
930 1710 971 1775 ad
992 1719 1043 1774 m'e
1064 1708 1121 1775 ad·

580 1805 676 1868 currit
692 1803 794 1880 Mida,

239 1898 327 1963 Pone
343 1898 470 1984 prendit
487 1897 593 1984 pallio,
610 1899 784 1984 resupinata
806 1896 947 1983 respicio,
964 1919 1043 1984 rogo

242 1991 348 2072 Quam
365 1992 405 2055 ob
423 2014 489 2056 rem
508 1991 641 2057 retineat
657 2013 723 2056 me:
741 1991 785 2055 ait
802 2013 871 2057 esse
888 1991 1021 2057 uetitum
1037 1991 1120 2056 intro

580 2085 620 2149 ad
638 2107 725 2150 eram
741 2085 901 2150 accedere.

19 2247 28 2252 .,
118 2196 145 2239 ²⁶
242 2177 424 2264 ‘Sophrona
441 2179 536 2245 modo
553 2180 683 2244 fratrem
700 2178 777 2244 lruc’
795 2178 897 2263 inquit
914 2178 1012 2245 ‘adnis
1024 2178 1120 2243 intro·
1137 2183 1189 2240 865

580 2273 669 2337 duxit
687 2270 887 2351 Chremcm'3

242 2367 390 2452 Equue
406 2389 492 2433 nuno
509 2389 578 2433 esse
595 2368 680 2432 intus
703 2389 776 2432 cum
797 2366 867 2431 illis.
902 2366 961 2432 hdo
982 2366 1038 2432 ubi
1060 2387 1120 2452 ego

579 2459 697 2537 audiui,
714 2461 756 2525 ad
773 2461 857 2526 fores

243 2555 404 2641 Suspenso
421 2554 524 2643 gradi
537 2554 659 2640 placide
672 2554 717 2620 ire
730 2554 863 2640 perrexi,
881 2554 1009 2632 accessi,
1026 2553 1121 2631 astiti,

243 2631 392 2715 rinimam
417 2649 598 2734 compressi,
620 2649 727 2713 adrem
748 2648 890 2716 admoui:
915 2649 960 2714 ita
981 2649 1121 2714 animum

581 2743 671 2829 coepi
688 2741 859 2821 attdndere,

244 2839 313 2903 Ηόο
338 2838 434 2903 modo
459 2837 634 2903 sermonem
660 2848 800 2921 captans.
847 2837 907 2902 Pu.
933 2835 1000 2915 Eu,
1029 2835 1121 2903 Geta.

582 2927 644 2996 Ga.
664 2931 727 2996 Hic
744 2930 989 3017 pulohdrrinmm

120 3045 147 3084 m
244 3025 381 3092 chinua
408 3025 530 3091 audiuit
556 3026 664 3109 itaque
690 3047 790 3110 paene
816 3025 921 3091 hercle
946 3024 1123 3090 dxelamaui
1139 3029 1191 3085 8⁷0

581 3118 708 3204 gaddio.

160 3215 222 3279 Au.
246 3212 358 3293 Qudd?
400 3211 461 3279 Gn.
489 3210 685 3294 Quodnam
712 3212 881 3278 arbitrare?
914 3213 976 3279 Au.
998 3212 1123 3279 Nescio.

575 3303 636 3371 Gn.
654 3287 756 3390 Atqui
773 3307 1051 3372 mirificissumum:

244 3401 380 3466 Patruos
411 3412 482 3465 tuos
513 3412 560 3465 est
585 3403 675 3486 pater
704 3400 851 3466 inuentus
880 3400 1004 3466 Phanio
1033 3402 1125 3466 uxori

582 3505 665 3559 tuae.
708 3495 771 3560 Au.
792 3493 915 3580 [Hem]

245 3587 333 3670 Quid
356 3588 422 3652 a'is?
457 3585 520 3653 Gn.
543 3586 625 3654 Cum
652 3587 719 3653 eiua
741 3588 905 3654 consueuit
925 3588 1000 3654 olim
1025 3591 1125 3656 matre

583 3682 616 3746 in
633 3681 758 3747 Lemno
776 3682 964 3748 clanculum.

161 3778 220 3841 Pu.
244 3775 425 3840 Sdrnnium:
456 3775 543 3841 utine
574 3774 652 3841 haee
681 3776 841 3860 ignoraret
866 3776 954 3840 suom
984 3777 1124 3861 patrem?

584 3867 644 3934 Gn.
663 3869 795 3952 Aliquid
815 3868 942 3947 credito,

125 3981 152 4024 aa
247 3961 408 4040 Phormio,
434 3983 502 4028 esse
528 3963 669 4121 caupona
688 3963 746 4028 ssd
770 3985 821 4028 me
847 3962 961 4028 censen
986 3963 1125 4051 potuisse
1142 3971 1194 4028 875

638 4079 692 4122 nm
