2618 4462
541 267 697 326 HEOYRA
1036 249 1099 319 225

222 394 310 461 der
327 393 404 479 quid
421 392 526 471 facist,
543 395 577 458 in
594 415 690 457 manu
707 413 771 457 non
788 391 837 457 dst
853 413 933 456 mea.

222 488 288 554 Sed
306 488 382 573 quid
398 487 551 553 faciemus
568 487 684 575 puero?
718 485 781 551 Le.
799 484 944 550 Ridicule
961 503 1070 570 rogas:

222 581 386 666 Quidquid
402 581 583 659 futurumst,
603 579 676 645 huic
694 600 784 644 suom
802 578 915 644 re'ddss
933 578 1061 654 scilicet,

153 709 169 731 υ
220 675 265 741 Vt
279 676 399 741 eldmus
413 685 564 741 nostrum.
589 674 648 738 ΡΑ.
659 673 766 755 Quem
774 675 841 759 ipse
852 672 987 737 neclexit
1000 683 1099 758 peter,
1117 675 1168 731 cto

95 795 98 812 ¹
208 769 293 856 -Idgo
312 771 414 836 sldm?
448 769 510 835 Le.
529 768 618 850 Quid
635 767 731 832 dixti?
754 768 813 833 eho
831 789 871 832 cn
888 766 951 832 ndn
970 766 1099 834 alemus,

559 861 745 948 Pcmphile?

220 959 397 1024 Prodemus
414 979 532 1042 quseso
550 955 674 1043 potius?
692 976 774 1041 quse
791 954 870 1021 hoec
887 952 1071 1020 amentisst?

211 1052 317 1118 oEnim
334 1054 410 1117 uero
428 1046 556 1138 prorsus
573 1050 637 1115 idm
655 1061 758 1116 tacere
775 1051 839 1115 non
856 1070 937 1134 queo
942 1073 951 1127 ;

220 1145 253 1212 N
253 1169 304 1211 sm
322 1145 409 1232 cogis
427 1168 465 1211 ea
478 1137 563 1228 quoe'
577 1144 650 1210 ndlo
668 1155 704 1208 ut
720 1153 884 1230 praesente
902 1143 962 1208 hdo
979 1143 1099 1226 loquer.

221 1240 373 1327 Ignitum
391 1261 501 1305 censes
519 1241 644 1303 tudrum
660 1237 872 1303 lacrumarum
889 1238 959 1302 <isse
975 1235 1046 1301 me?
1118 1233 1169 1288 675

136 1377 139 1384 ,
220 1337 289 1400 Aut
306 1334 383 1419 quid
401 1332 441 1398 sit
457 1332 491 1397 id
508 1332 594 1416 quod
612 1332 776 1399 sollicitere
794 1332 835 1398 ad
851 1331 936 1396 bdnc
952 1329 1100 1396 modum?

221 1429 365 1494 Primum
383 1427 464 1493 hdnc
481 1426 537 1491 ubi
555 1425 633 1491 dixti
655 1426 793 1504 causam,
815 1436 846 1492 te
867 1427 995 1512 propter
1013 1436 1100 1489 tuam

220 1523 358 1588 Matrem
376 1544 440 1587 non
457 1543 550 1607 posse
567 1519 685 1586 habere
703 1519 784 1586 hene
802 1522 932 1586 uxorem
951 1519 1045 1596 domi,

191 1660 194 1668 ·
220 1616 396 1682 Pollicitast
413 1638 451 1681 ec
468 1637 502 1682 se
520 1617 740 1680 cdncessuram
757 1637 797 1680 ex
815 1613 956 1679 aedibus.

221 1710 315 1776 Nunc
332 1711 498 1797 postquam
517 1709 696 1794 ademptam
714 1707 934 1794 huncquoque
951 1707 1009 1772 tibi
1026 1728 1100 1773 cnu-
1118 1711 1170 1766 680

559 1805 626 1867 sim
643 1802 742 1880 uides,

221 1898 308 1964 Puer
323 1897 399 1983 quis
417 1898 497 1964 clam
515 1907 547 1962 te
565 1908 613 1962 est
629 1899 733 1975 ndtus,
750 1907 862 1962 nactus
878 1897 1010 1962 dlteram
1027 1920 1070 1965 es.

222 1992 328 2070 Ense,
346 1992 393 2058 tui
410 1988 507 2056 animi
524 1994 551 2056 si
567 2013 620 2057 me
637 2013 707 2058 esse
725 1991 870 2078 ignorum
888 2002 991 2078 putas.

221 2087 405 2175 Aliqudndo
421 2085 548 2150 tandem
557 2085 620 2153 huc
633 2085 774 2150 inimum
787 2097 823 2151 ut
835 2085 990 2172 adiunges
1002 2096 1100 2163 tuom,

223 2178 329 2262 Quam
346 2181 477 2265 longum
495 2179 631 2265 spatium
649 2179 775 2244 cmdndi
792 2179 925 2244 amicam
942 2179 1001 2245 tibi
1013 2179 1099 2246 dedii

223 2273 375 2359 Sumptus
393 2295 473 2358 quos
491 2273 593 2338 fecisti
612 2275 645 2337 in
667 2296 736 2338 eam
755 2295 851 2359 quam
872 2273 977 2339 animo
998 2275 1169 2358 aequoreo

558 2366 630 2432 tulii

221 2461 284 2548 Egi
302 2464 396 2545 ttque
415 2461 503 2526 oraui
520 2462 625 2526 tecum
643 2483 775 2526 uxorem
792 2471 827 2525 ut
846 2461 985 2539 duceres,

221 2556 361 2640 Tempus
379 2555 444 2619 dixi
462 2577 545 2621 esse:
564 2555 692 2640 inpulsu
711 2554 830 2619 duxisti
847 2577 926 2620 meo.

223 2647 330 2735 [Quae
348 2659 416 2714 tum
434 2648 602 2714 obsecutus
620 2648 697 2714 mihi
714 2648 816 2714 iecisti
835 2659 871 2714 ut
888 2649 1060 2737 decuerat]

221 2744 316 2809 Nunc
346 2743 487 2808 dnimum
517 2765 642 2808 rursum
672 2742 713 2808 sd
743 2743 938 2809 meretricem
970 2745 1102 2811 adduxti

559 2847 662 2902 tuom:

223 2929 301 3019 [Cui
318 2941 354 2996 tu
371 2930 540 2996 obsecutus
558 2930 636 2997 facis
655 2930 728 2997 huic
746 2931 824 2997 adeo
841 2929 1012 3019 iniuriam]
1118 2944 1169 2999 690

204 3025 303 3092 Nam
319 3025 353 3090 in
371 3024 503 3090 condem
522 3025 621 3090 uitem
639 3027 669 3090 te
688 3026 868 3091 reuolutum
885 3024 989 3091 denuo

222 3120 325 3189 Video
343 3122 421 3185 esse.
465 3119 524 3185 ΡΑ.
542 3120 660 3185 Mene?
693 3121 754 3184 Le.
773 3119 821 3185 Te
837 3122 955 3206 ipsum:
974 3133 1005 3186 et
1022 3121 1101 3187 iscis

558 3213 718 3279 iniuriam:

222 3305 390 3394 Confingis
407 3307 504 3372 falsus
523 3307 634 3373 causas
652 3308 692 3372 ad
711 3307 907 3386 discdrdiam,

190 3450 193 3455 Α
221 3403 267 3469 Vt
284 3425 355 3468 cum
372 3402 427 3467 illu
443 3401 545 3480 uiues,
563 3403 675 3467 testem
689 3401 769 3467 hunc
783 3414 878 3486 quom
892 3401 949 3467 abs
967 3412 997 3467 te
1015 3404 1101 3468 amd-

558 3519 651 3562 nens.

221 3590 391 3675 Sensitque
408 3590 488 3656 adeo
501 3612 595 3669 uxor3
613 3592 731 3656 nemci
748 3612 844 3656 causo
858 3590 918 3655 alis
931 3593 1012 3674 quse
1030 3591 1100 3668 fuit,
1119 3601 1169 3654 695

222 3685 328 3767 Quom
354 3685 395 3749 cb
425 3708 491 3750 rem
523 3686 580 3749 sbs
611 3698 642 3751 te
673 3684 792 3751 abiret?
833 3683 893 3750 Pu.
919 3684 1020 3750 Pltne
1050 3685 1101 3751 hic

562 3779 697 3845 diuindt:
717 3802 792 3844 nam
808 3778 842 3844 id
859 3789 915 3844 est.

98 3893 125 3937 u
137 3875 196 3940 ΡΑ.
224 3873 320 3939 Dabo
332 3873 382 3939 iirs
395 3873 563 3940 iurandum
576 3875 619 3939 nil
634 3897 702 3940 esse
715 3874 845 3939 istorum
858 3873 944 3937 mihi.
964 3872 1025 3938 Im.
1035 3873 1100 3951 Ah,

223 3966 374 4034 Redddcc
390 3989 533 4046 uxorem,
551 3979 606 4033 sut
622 3989 719 4052 quam
737 3966 779 4033 db
796 3988 863 4032 rem
880 3989 943 4031 non
965 3989 1045 4053 opus
1062 3969 1101 4032 sit

562 4062 649 4127 cedo.

191 4162 310 4231 rmum
899 4162 933 4218 15
