2618 4462
191 230 252 299 176
567 243 742 304 raonnrn
1123 247 1203 321 raa

270 368 353 435 Mihi
377 368 538 436 Phdrmio.
574 367 634 434 cn.
661 368 727 451 Qui
748 368 915 436 Phdrmioi
952 368 1010 435 Da.
1037 372 1070 437 Is
1096 373 1150 457 qui

609 463 726 528 istane·
749 463 809 530 Cn.
838 463 922 529 Scio.

188 558 247 623 Gn.
272 558 416 623 Visdmst
433 556 486 632 mi,
505 567 541 621 ut
558 557 625 622 eius
643 557 829 642 temptarem
847 561 1043 625 sententiam.

119 659 170 711 620
271 650 398 717 Prendo
432 650 591 716 hdminem
624 651 740 716 solum:
776 653 868 736 ‘qudr
896 653 973 718 non’
1008 655 1148 738 inquam,
1163 673 1189 714 15

607 743 781 824 ‘Phdrmia

270 837 379 916 Vides,
397 838 479 904 inter
495 859 552 902 nos
570 839 615 902 sie
632 837 710 904 haee
727 839 832 925 potius
851 841 923 906 aiun
942 842 1026 908 bona

269 936 314 1000 Vt
332 933 555 1017 edmponamus
574 933 676 1018 gratia
694 955 791 1016 quam
808 934 881 999 edm
897 937 1000 1001 mala?

270 1026 354 1091 Erus
371 1027 510 1092 liberalis
527 1027 574 1091 est
592 1037 624 1091 et
640 1026 780 1112 fugitans
797 1028 898 1095 litium
904 1054 913 1107 3

268 1121 352 1186 Nam
370 1121 465 1186 ceteri
482 1120 610 1204 quidem
627 1119 732 1186 herote
750 1123 843 1188 amici
860 1125 968 1188 omnes
986 1124 1080 1189 modo

116 1221 167 1275 625
270 1214 343 1280 Vno
373 1215 426 1280 dre
457 1225 600 1279 auctores
631 1214 733 1293 fuere,
769 1227 805 1281 ut
834 1217 1038 1304 praeeipitem
1068 1218 1188 1282 hanon

609 1307 719 1374 daret?

185 1405 245 1468 An.
269 1402 356 1483 Quid
373 1402 424 1467 hia
442 1404 567 1488 coeptat
585 1413 639 1467 aut
657 1424 720 1486 quo
738 1403 852 1469 euadat
865 1404 978 1470 hodie?
1005 1404 1066 1471 Gn.
1082 1405 1146 1469 ‘An

607 1495 731 1581 legibus

268 1589 429 1654 Datrirum
447 1610 566 1674 poenas
584 1589 679 1666 diees,
698 1590 724 1654 si
741 1590 827 1654 illam
846 1589 988 1656 eiecerit?

268 1686 338 1749 Iam
356 1685 388 1748 id
405 1683 646 1769 exploratumst:
664 1683 746 1762 heia,
765 1684 894 1749 sudabis
912 1685 998 1761 satis,

269 1777 305 1844 Si
323 1800 395 1843 eum
411 1778 465 1841 illo
482 1778 623 1862 inceptas
641 1777 780 1842 hdmine=
798 1800 837 1843 ea
854 1778 1070 1862 eloquentiast.

115 1886 167 1940 630
269 1873 388 1939 Variam
405 1893 489 1957 pono
507 1893 575 1936 esse
593 1872 713 1936 uictum
731 1893 818 1949 eum3
841 1883 873 1937 at
889 1872 1017 1937 tandem
1033 1883 1138 1937 tamen
1159 1887 1186 1929 ²⁵
1219 1906 1222 1912 ·

267 1967 339 2032 Non
357 1965 467 2051 eapitis
486 1965 515 2030 ei
532 1987 582 2029 res
599 1965 713 2050 agitur,
732 1967 788 2031 sed
805 1966 978 2052 peeimiaeff

266 2060 440 2143 Postquam
457 2059 614 2124 hdminem
632 2059 680 2124 his
698 2060 805 2125 uerbis
822 2061 923 2126 sentio
940 2061 1097 2137 mollirier,

269 2153 352 2220 ‘Soli
378 2176 486 2218 sumus
512 2175 596 2218 nune
621 2153 685 2218 hic’
712 2157 855 2238 inquamz
883 2154 972 2232 ‘eh0,
993 2155 1044 2220 dia
1069 2153 1146 2237 quid

606 2247 654 2311 uis
672 2247 741 2312 dari

267 2342 341 2406 Tibi
358 2344 391 2406 in
409 2362 549 2416 manum,
567 2351 603 2404 ut
620 2363 693 2406 erus
711 2341 759 2406 his
778 2342 906 2408 desistat
923 2343 1039 2421 litibus,

115 2448 166 2503 635
268 2439 360 2502 Haec
376 2436 450 2500 hina
466 2434 613 2510 facessat,
632 2436 667 2499 tia
684 2437 833 2501 molestus
850 2439 891 2502 nd
909 2436 1002 2502 siesi’
1158 2454 1184 2496 aa

183 2533 244 2596 Aa.
268 2530 358 2597 Satin
374 2530 419 2594 ssli
438 2528 470 2593 di
488 2541 561 2593 sunt
580 2528 723 2614 prdpitii?
767 2528 826 2595 Ga.
855 2531 949 2596 ‘Nam
967 2533 1016 2596 sat
1033 2529 1108 2606 scie,

268 2624 305 2691 si
322 2636 357 2689 tu
374 2624 514 2708 aliquam
532 2633 653 2708 partem
671 2623 919 2708 aequibonique
937 2623 1062 2702 dixeris,

268 2719 313 2783 Vt
330 2730 377 2783 est
393 2719 445 2783 ille
463 2717 564 2781 bonus
582 2716 641 2794 uir,
659 2719 719 2782 tria
735 2739 799 2781 non
816 2718 1048 2783 commutabitis

268 2812 375 2877 Verba
392 2811 483 2876 hddie
499 2810 582 2875 inter
598 2810 677 2875 uos?
713 2811 776 2875 Da.
795 2810 875 2891 Quis
893 2821 924 2877 te
941 2811 1038 2877 istaec
1055 2811 1145 2876 iussit

604 2905 708 2987 loqui?

115 3011 167 3066 640
185 2997 244 3064 Cn.
271 2999 372 3064 Immd
389 3021 453 3063 non
471 2997 572 3084 potuit
589 2998 701 3063 melius
719 2999 910 3083 peruenIrier
1156 3017 1182 3057 ³⁵

267 3092 318 3158 Εο
344 3093 407 3178 qud
428 3114 491 3157 nos
508 3091 664 3156 uolumus.
700 3092 761 3156 Aa.
789 3071 916 3158 Occidi!
951 3092 1014 3157 Dn.
1040 3093 1144 3178 Perge

604 3185 719 3268 eloqui.

185 3279 245 3346 Ga.
268 3283 301 3346 A
314 3283 415 3366 primo
428 3279 521 3343 homo
536 3277 702 3343 insanibat.
726 3277 785 3344 Cn.
801 3277 889 3344 Cedo
902 3278 978 3363 quid
992 3279 1144 3364 pdstulat?

185 3374 246 3441 Gn.
270 3375 374 3456 Quid?
391 3373 523 3438 nimium
536 3386 698 3456 quantum.
730 3371 789 3439 Cn.
811 3371 982 3453 Quantam?
998 3373 1058 3438 dio.
1090 3371 1151 3440 Ga.

607 3465 642 3532 Si
661 3469 731 3550 quis
748 3467 837 3531 daret

269 3562 438 3627 Talentum
452 3583 612 3646 magnum.
647 3559 709 3625 Dn.
727 3560 829 3625 Immd
842 3560 960 3625 malum
973 3561 1090 3626 hercle:
1109 3571 1144 3626 ut

605 3656 650 3719 nss
667 3653 778 3740 pudeti

116 3767 167 3824 645
185 3751 247 3819 Gn.
271 3752 367 3833 Quod
385 3750 449 3814 dixi
467 3750 546 3815 adeo
564 3758 606 3814 ei:
627 3750 769 3833 ‘quaese
788 3747 864 3832 quid
882 3748 909 3813 si
926 3748 1026 3812 ffliam
1156 3767 1182 3808 an

270 3845 369 3914 Suam
386 3844 512 3908 [inicam
530 3843 665 3908 locaret?
681 3842 772 3928 parui
790 3844 824 3907 re
842 3842 914 3906 tulit

267 3942 339 4007 Non
357 3937 545 4023 sdsaepisse:
564 3937 722 4001 inuentast
739 3957 821 4019 quae
838 3935 944 4000 dotem
961 3934 1068 4020 petat!

268 4037 312 4107 Vt
330 4033 371 4100 ad
388 4033 491 4120 padda
507 4031 634 4098 redeam
652 4052 689 4096 ae
706 4031 828 4095 mittam
844 4028 928 4095 illins
945 4028 1088 4115 indptias
