2618 4462
418 779 810 866 Pnonocvsm.

137 939 313 1025 Hecyraest
330 936 404 1003 huic
420 959 536 1002 nomen
552 935 689 1002 fabulae.
728 935 855 1021 Hecyra
877 935 972 1020 quem
993 933 1096 998 datast

136 1040 238 1116 Noua,
256 1041 284 1104 ce
299 1061 416 1104 nouom
432 1038 730 1117 interuenit‘uitium
747 1047 778 1103 et
795 1037 965 1115 celamitas,

136 1142 182 1209 Vt
198 1142 301 1225 neque
319 1141 453 1227 spectari
469 1142 572 1225 neque
590 1140 738 1227 cognosci
754 1139 906 1226 petuerit:

135 1244 185 1309 Ita
202 1244 336 1330 pepulus
354 1243 459 1308 studio
477 1243 620 1329 stipidus
636 1244 670 1308 in
686 1241 871 1308 funambulo

110 1346 290 1412 aAnimum
307 1348 484 1431 eccuparat.
519 1347 603 1410 ndnc
620 1345 699 1411 hacc
715 1345 839 1431 planest
855 1347 913 1430 pre
930 1338 1024 1421 noua,
1129 1339 1148 1396 ὅ

135 1448 179 1513 Et
196 1450 224 1513 is
241 1447 296 1532 qui
313 1447 438 1533 scripsit
454 1447 537 1512 hanc
553 1447 595 1511 ob
613 1469 683 1513 eam
700 1469 768 1513 rem
783 1446 881 1511 ndluit

135 1550 255 1616 Iterdm
272 1549 399 1626 referre,
417 1551 582 1615 utiterum
600 1559 705 1634 posset
722 1547 869 1614 uendere.

134 1651 155 1688 1
280 1651 298 1687 1
425 1650 443 1686 1
569 1652 588 1688 1
714 1649 733 1688 1
858 1649 877 1688 1

92 1756 121 1798 a·
136 1737 169 1802 N
169 1759 263 1802 ouam
280 1737 348 1802 esse
365 1735 487 1802 ostendi
504 1745 536 1802 et
552 1757 634 1821 quae
651 1721 748 1803 essct:
766 1757 850 1801 nunc
867 1734 923 1820 qui
939 1728 1096 1820 scripserit

92 1848 121 1899 tr
138 1839 182 1904 Et
202 1839 294 1923 qudia
313 1837 437 1905 Graeca
454 1841 503 1916 sit,
521 1838 554 1903 ni
570 1849 692 1924 partem
709 1839 890 1903 mdxumam

92 1959 120 2001 a·
137 1941 372 2006 Existumarem
389 1941 469 2007 scire
485 1953 638 2018 nostrum,
655 1941 690 2006 id
706 1941 851 2006 dicerem.

134 2045 153 2080 1
279 2042 297 2078 1
424 2042 443 2078 1
464 2073 465 2076 ,
569 2042 587 2078 1
714 2044 733 2083 1
858 2043 877 2079 1

108 2129 225 2194 antias
244 2129 403 2214 cognostis
420 2129 502 2194 eius:
520 2150 638 2213 quaeso
656 2128 738 2195 hano
753 2127 884 2194 nescite.

406 2363 816 2452 Paonoovsnn

449 2517 484 2573 L.
501 2516 687 2574 AMBIVIVS

135 2632 253 2698 Oretor
270 2632 311 2698 ad
328 2654 386 2697 uos
403 2631 497 2698 uenio
514 2643 627 2697 ornatu
643 2631 778 2720 prelogiz

135 2734 237 2801 Sinite
254 2737 400 2800 exorator
416 2734 486 2812 sim,
504 2733 616 2800 eedem
633 2745 669 2800 ut
684 2735 753 2800 iure
770 2736 816 2800 uti
834 2757 941 2801 senem
1020 2748 1023 2755 ’
1112 2739 1146 2794 10
1250 2800 1252 2805 .

136 2837 257 2914 Liceet,
275 2859 338 2922 quo
356 2837 425 2903 iure
442 2859 512 2902 sum
528 2837 605 2904 esus
623 2837 861 2913 adulescentior,

134 2941 242 3006 Neues
259 2939 315 3024 qui
332 2950 458 3005 exactas
476 2939 538 3005 feci
555 2950 591 3005 ut
607 2940 880 3018 inueterascerent,

110 3043 185 3109 rNe
202 3043 275 3107 ciam
291 3047 386 3127 poeta
403 3043 557 3128 scriptura
574 3044 784 3108 euanesceret.

133 3145 172 3209 In
190 3145 246 3221 eis,
263 3165 343 3228 quas
360 3144 496 3229 primum
515 3140 635 3209 Caecili
652 3145 747 3209 didici
763 3166 874 3222 nouas,

133 3247 253 3310 Partim
271 3269 342 3310 sum
359 3268 467 3311 earum
484 3248 624 3324 exectus,
642 3247 756 3332 partim
773 3247 827 3312 uix
845 3247 925 3313 steti.
1112 3251 1145 3310 15

135 3348 219 3429 Quia
236 3348 355 3413 scibam
373 3349 502 3413 dubiam
519 3348 676 3414 fertunam
694 3372 763 3416 esse
780 3349 966 3427 scaenicum,

135 3449 200 3536 Spe
217 3451 337 3515 incerta
353 3461 473 3516 certum
490 3449 568 3515 mihi
584 3451 725 3516 laborem
740 3451 862 3530 adstuli,

96 3553 272 3617 10Easdem
289 3555 384 3637 egere
402 3551 501 3638 coepi,
520 3563 555 3617 ut
571 3552 613 3618 eb
631 3552 743 3618 eodem
759 3553 836 3619 alias
854 3554 1004 3619 discerem

134 3655 251 3732 Noues,
269 3655 417 3731 studiose,
435 3655 474 3719 ne
491 3654 580 3718 illum
598 3654 639 3719 ab
656 3655 760 3720 studio
777 3655 975 3721 abdicarem.

134 3755 260 3821 Perfeci
277 3767 313 3821 ut
329 3757 560 3842 spectarentur:
579 3756 634 3820 ubi
652 3768 725 3822 sunt
742 3758 895 3844 cegnitae,
1088 3818 1090 3822 ,
1110 3766 1145 3822 20

133 3857 274 3922 Placitae
292 3869 374 3922 sunt.
409 3858 453 3922 ita
470 3855 597 3943 poetam
614 3859 735 3924 restitui
750 3861 783 3923 in
800 3860 904 3925 locum

134 3958 240 4045 Prope
257 3959 319 4023 iem
337 3971 491 4024 remotum
508 3960 621 4024 iniriria
639 3961 854 4026 aduorserium

10 4142 14 4151 1
95 4079 122 4122 rs
133 4060 189 4126 Ab
204 4053 311 4127 ¹stirdio
329 4073 423 4146 atque
441 4062 482 4126 ab
499 4062 605 4128 labere
622 4064 716 4147 atquc
734 4074 800 4131 arte
817 4064 945 4132 mriaica.
