2618 4462
584 232 736 292 Aroma
1141 234 1193 307 1‚1

263 359 372 437 Dedit,
390 358 546 424 cenauit.''
573 358 763 444 gaudebam.
789 358 866 425 item
883 358 945 424 alio
963 359 1015 424 (lie

263 453 480 540 Quaerebam:
498 452 731 538 comperiebam
748 454 793 519 nil
810 454 851 518 ad
869 453 1073 539 Pamphilum

263 548 444 632 Quicquam
461 545 601 610 attinere.
633 545 718 611 enim
734 549 810 612 uero
828 548 1005 633 spectatum
1022 546 1099 611 satis

262 642 420 710 Putabam
437 650 469 705 et
484 661 636 724 magnum
654 641 834 726 exemplum
853 640 1062 706 continentiae
1068 664 1077 717 ;
1155 655 1181 698 aa

261 737 345 804 Nam
362 735 506 820 quicum
523 731 657 818 ingeniis
675 733 872 800 conflictatur
888 736 956 800 elus
974 734 1059 798 modi

262 831 375 916 Neque
392 829 609 895 commonetur
626 827 749 894 animus
766 829 800 895 in
817 853 855 896 ea
871 829 906 895 re
923 828 1048 906 tamen,
1182 869 1184 872 <

263 925 353 994 Scias
371 923 464 1009 posse
480 922 597 987 habere
611 921 674 987 iam
691 924 795 1010 ipsum
808 947 885 989 suae
899 923 985 988 uitae
1002 923 1141 987 modum.

262 1018 369 1102 Quom
383 1018 415 1082 id
428 1015 506 1080 mlhi
519 1015 674 1101 placebat,
689 1028 756 1082 tum
769 1018 833 1083 uno
848 1040 901 1083 ore
915 1038 1024 1082 omnes
1037 1016 1143 1082 onmia

261 1114 353 1179 Bona
370 1110 474 1177 dicere
492 1122 524 1176 et
539 1109 669 1176 laudare
688 1111 829 1176 fortunae
847 1135 944 1189 meas,
1155 1129 1181 1169 ao

262 1207 328 1290 Qui
345 1205 476 1292 gnatum
494 1203 644 1269 haberem
661 1205 716 1269 tali
732 1204 861 1292 ingenio
878 1206 1064 1292 praeditum.

262 1299 350 1384 Quid
363 1298 468 1364 uerbis
483 1320 562 1384 opus
576 1299 642 1364 est?
660 1299 719 1364 htlc
734 1299 820 1364 fama
832 1299 975 1386 inpulsus
990 1298 1143 1364 Chremes
1181 1335 1183 1337 ·

262 1395 353 1462 Vltro
370 1393 411 1458 ad
428 1415 479 1457 me
496 1391 595 1470 uenit,
613 1392 738 1458 {micam
756 1394 886 1479 gnatam
903 1416 993 1457 suam

262 1487 345 1555 (lum
363 1486 435 1552 dote
453 1509 577 1551 summa
594 1486 661 1552 fllio
678 1509 811 1552 uxorem
829 1487 864 1551 ut
881 1488 979 1552 daret.

261 1582 400 1649 l’laoult:
419 1580 582 1664 despondi.
606 1580 657 1646 hic
674 1581 791 1666 miptiis
810 1581 924 1646 dictust
942 1581 1018 1646 dieo.
1154 1599 1180 1641 rc

189 1677 200 1703 *
227 1728 232 1743 .
261 1675 348 1758 Quid
366 1675 462 1761 lgitur
479 1673 594 1751 obstat,
615 1675 696 1758 quor
712 1697 777 1740 non
793 1674 890 1740 fiant?
925 1674 972 1741 Sr.
1007 1674 1140 1739 Audies.

261 1772 342 1835 Fere
360 1770 392 1834 in
409 1768 521 1833 diebus
539 1769 658 1853 laeticie,
676 1770 791 1852 quibus
810 1769 890 1834 haec
907 1770 978 1834 acta
997 1781 1081 1845 sunt,

144 1913 150 1932 .
262 1862 393 1950 Chrysls
410 1862 516 1928 uicina
528 1861 607 1927 haec
620 1862 761 1928 moritur.
784 1863 840 1928 So.
864 1860 895 1927 Ο
914 1863 1033 1928 factum
1047 1861 1141 1927 bonel

263 1957 384 2034 Balatu
404 1953 460 2042 [ei]
480 1957 579 2021 metui
595 1980 615 2020 a
633 1954 797 2042 Chryside.
826 1955 872 2022 Sr.
901 1958 951 2021 Ibi
969 1968 1037 2021 tum
1056 1957 1141 2020 flliua

263 2050 347 2118 (lum
373 2050 444 2128 illle,
470 2049 526 2134 qui
552 2063 695 2114 amarant
718 2049 917 2136 Chrysidem,
944 2074 1008 2115 una
1034 2050 1142 2115 aderat
1155 2067 1181 2107 ⁸⁰

601 2144 764 2228 frequeno3

263 2240 405 2307 Curabat
421 2262 486 2304 una
503 2239 613 2317 fimum
631 2240 727 2305 tristia
745 2240 880 2318 interim,

261 2336 334 2400 Non
363 2335 536 2419 nimquam
568 2335 833 2399 conlacmmaibat.
867 2334 985 2421 placuit
1016 2342 1084 2398 tum
1109 2333 1141 2397 ld

600 2428 687 2494 mihi.

263 2523 318 2591 Sic
335 2523 514 2610 cogitabam
532 2522 599 2588 ‘hic
617 2523 735 2609 paruae
753 2523 986 2590 consuetudinis

263 2617 371 2684 Causa
387 2617 481 2683 huius
498 2628 632 2683 mortem
650 2619 715 2683 tam
733 2618 794 2684 fert
812 2618 1019 2683 familiariter:

263 2711 350 2794 Quid
366 2711 394 2776 ei
410 2713 478 2797 ipse
496 2713 650 2776 amasset?
667 2713 744 2795 quid
761 2711 812 2777 hio
826 2712 903 2776 mihi
916 2711 1011 2777 faciet
1027 2712 1140 2797 patril’
1155 2731 1181 2771 aa

263 2809 354 2870 Haec
372 2805 431 2890 ego
449 2805 601 2891 putabam
619 2828 688 2871 esse
706 2806 812 2871 omnia
830 2806 959 2870 humani
975 2805 1084 2892 ingeni

263 2899 488 2984 Mansuetique
505 2900 601 2964 animi
618 2900 733 2964 officia.
760 2900 837 2984 quid
854 2900 960 2964 multis
978 2900 1101 2964 moror?

263 2994 401 3079 Egomet
417 3014 543 3077 quoque
562 2993 630 3058 eiua
648 2994 744 3059 carisa
761 2993 793 3059 in
812 2995 907 3058 funus
924 2993 1053 3079 prodeo,

263 3088 316 3154 Nil
329 3087 424 3153 otiam
438 3089 600 3174 auspicans
614 3088 698 3153 mali.
736 3087 792 3155 So.
819 3088 915 3165 Hem,
934 3088 1010 3173 quid
1027 3088 1061 3153 id
1077 3090 1143 3154 est?

603 3183 650 3249 Sr.
679 3182 779 3249 Scies.

263 3277 425 3356 chertur3
448 3276 540 3342 imus.
568 3280 688 3343 interea
705 3277 787 3343 inter
804 3275 960 3354 mulieres,
1156 3299 1182 3340 ao

264 3371 357 3455 Quae
374 3371 418 3436 ibi
436 3371 577 3449 aderant,
601 3373 681 3436 forte
700 3394 796 3437 unam
818 3366 936 3457 aspicio
959 3372 1143 3438 adulescen-

602 3466 711 3542 tulam,

263 3560 380 3626 Forma
398 3558 453 3625 So.
480 3559 572 3623 Bona
589 3559 732 3623 sortisse.
768 3559 814 3626 Sr.
833 3571 863 3625 et
882 3560 981 3636 uoltu,
1001 3558 1104 3636 Sosia,

263 3655 356 3719 Adeo
374 3652 526 3729 modesto,
545 3652 624 3718 adeo
642 3665 787 3731 uenusto,
805 3664 840 3719 ut
857 3655 902 3718 nss
919 3675 1023 3738 supra.

264 3747 349 3829 Quia
367 3748 433 3811 trim
451 3745 527 3811 milri
545 3747 710 3811 lamentari
727 3759 852 3833 praeter
869 3749 988 3812 caterae

258 3835 381 3916 visast,
400 3851 431 3905 et
449 3839 524 3924 quia
541 3853 608 3904 erat
624 3840 727 3905 forma
744 3851 869 3926 praeter
886 3843 1005 3904 ceterae
1156 3860 1181 3900 aa

266 3937 408 3999 Honesta
426 3957 463 3999 ac
479 3933 611 4010 liberali,
629 3933 746 3998 accedo
764 3935 804 3998 ad
823 3934 1019 4020 pc'diaequaa,

265 4029 357 4113 Quae
375 4029 415 4092 alt
432 4049 524 4113 rogo:
543 4027 681 4093 sororem
699 4049 767 4092 esse
785 4027 873 4092 aiunt
892 4025 1066 4112 Chry'eidis.

790 4186 868 4201 *-
