2618 4462
549 263 722 320 PHOBMIO

358 512 554 579 Dnmnnc
618 511 915 578 vanmm

402 619 497 664 suana
714 620 828 665 mursa
910 626 914 634 ’

106 699 218 764 ν,εΙ)ε.
241 700 315 787 Age
333 700 419 780 dum,
436 701 473 765 dt
490 700 582 777 soles,
599 699 809 779 Nausistrata,
826 699 878 767 iac
894 700 949 766 illa
961 699 996 764 itt
1013 699 1118 785 place-

577 806 629 858 tur
645 793 746 872 ndbis,

240 887 285 954 Vt
306 891 365 953 sui
390 888 552 953 uoluntate
576 888 611 952 id
632 886 719 972 qued
740 900 787 954 est
807 886 992 954 faciundum
1012 886 1117 953 iaciat.
1136 894 1186 949 785

574 980 636 1047 ΝΑ.
654 980 795 1047 Ficiam.

155 1073 218 1139 Dc.
240 1074 364 1140 Pariter
389 1097 474 1141 nunc
500 1096 595 1160 opera
620 1098 671 1141 me
696 1075 842 1155 idiuues,
872 1098 910 1142 ac
937 1077 971 1140 ri
998 1075 1116 1141 dudum

576 1169 728 1255 opitulata
745 1192 789 1236 es.

155 1261 216 1327 Nc.
239 1262 372 1328 Factum
386 1262 469 1328 uolo.
496 1285 534 1328 ac
546 1263 599 1349 pol
612 1264 717 1328 minus
730 1283 813 1347 queo
826 1263 886 1328 uiri
901 1263 1003 1349 culpa,
1021 1283 1118 1347 quam

577 1379 628 1421 me
645 1356 817 1443 dignumst.

130 1448 217 1514 cDa.
241 1449 329 1532 Quid
346 1450 471 1515 autem?
496 1450 558 1516 Nc.
573 1448 659 1532 Quia
673 1451 727 1536 pol
739 1452 802 1517 mei
819 1450 916 1536 patris
934 1449 1015 1516 bene
1027 1452 1131 1536 parta·

576 1543 776 1630 indiligdnter

239 1637 389 1716 Tutitur3
424 1660 499 1702 nam
530 1659 570 1703 ex
600 1638 645 1703 eis
677 1638 813 1724 pradellis
844 1638 961 1704 taldnta
994 1635 1117 1725 argenti

216 1749 219 1754 ’
575 1730 650 1796 bina

240 1823 355 1890 Statim
386 1823 543 1911 capiebat:
579 1825 629 1890 uir
659 1824 727 1890 uiro
758 1824 835 1910 quid
865 1825 1016 1912 pradstatl
1052 1825 1115 1890 Da.
1134 1833 1184 1888 790

574 1919 678 1984 Binan
695 1920 831 2003 quaeso?

154 2011 216 2075 Nn.
240 2012 291 2078 Ac
320 2012 414 2077 rebus
445 2011 606 2079 uilidribus
636 2013 735 2078 multi
765 2013 883 2079 talentu
911 2013 996 2079 bina.
1052 2013 1114 2079 Du.

576 2107 654 2172 Hui.

154 2196 216 2262 Ns.
240 2197 327 2280 Quid
353 2196 432 2265 haee
458 2198 624 2265 uidentur?
661 2200 724 2266 Du.
744 2200 882 2267 Scilicet.
921 2201 982 2267 Nn.
1002 2201 1115 2268 Virum

575 2317 626 2360 me
643 2305 753 2359 natum
771 2295 900 2359 uellem:

117 2403 143 2442 1⁰
239 2384 312 2472 Ego
325 2386 533 2464 ostenderem,
556 2387 618 2454 Da.
630 2385 726 2454 Certd
739 2388 813 2453 scio.
835 2388 896 2454 Ns.
908 2409 972 2473 quo
985 2391 1077 2474 picto
1087 2436 1115 2455 ..

575 2480 638 2545 Da.
656 2482 757 2547 Parce
775 2481 876 2558 sides,

239 2575 283 2642 Vt
304 2574 406 2659 pdssis
428 2597 500 2640 cum
521 2574 584 2651 illa,
610 2576 650 2640 nd
671 2587 703 2641 te
724 2576 907 2641 adulescens
929 2576 1041 2641 mulier
1062 2576 1116 2642 de-

577 2669 694 2756 fetiget.

154 2763 214 2828 Nn.
236 2761 366 2827 Faciam
383 2762 419 2826 tit
435 2761 533 2828 iubes.
569 2762 626 2828 sed
646 2756 752 2828 metim
774 2762 876 2828 uirum
900 2763 957 2829 abs
978 2774 1010 2830 te
1031 2767 1117 2830 exire
1134 2770 1185 2825 795

576 2857 678 2924 uideo.

239 3092 537 3160 Nsvstscnlns
590 3094 788 3175 Canauna
839 3096 1034 3164 Dnuseno

332 3203 443 3245 uvmna
638 3204 728 3247 sanus
922 3205 946 3247 11

738 3288 797 3356 Cn.
815 3291 929 3369 Ehem,
947 3292 1117 3380 Demipho,

240 3385 310 3450 Iam
335 3385 381 3450 illi
398 3385 545 3451 ‘datumst
572 3385 755 3471 argdn'tum?
799 3385 862 3450 Du.
890 3385 1010 3452 Curaui
1033 3387 1117 3454 ilico.

578 3477 637 3544 011.
656 3478 780 3545 Nollem
799 3479 917 3544 datum.

140 3651 142 3656 Ι
241 3572 297 3649 Εἰ,
327 3572 421 3638 uideo
446 3594 591 3637 uxorem:
624 3574 723 3658 paene
748 3571 820 3658 plus
845 3593 940 3657 quam
966 3576 1016 3639 sit
1041 3586 1117 3640 erat.

576 3665 640 3731 Du.
659 3665 750 3747 Quor
765 3666 875 3744 nullis,
896 3664 1068 3733 Chremes?

119 3779 144 3820 ιε
158 3759 217 3826 Cn.
240 3761 309 3824 Iam
322 3760 416 3826 ricta.
438 3759 501 3825 Du.
512 3759 599 3842 Quid
613 3761 666 3824 tu?
683 3760 797 3844 ecquid
808 3760 941 3826 locutu’s
956 3783 1028 3827 cum
1040 3764 1119 3828 istac

578 3875 674 3937 quam
692 3853 816 3919 obrem
834 3854 915 3919 hanc
933 3853 1094 3921 ducimus?

158 3947 218 4013 Cn.
241 3946 405 4034 Transegi.
431 3947 494 4014 Ds.
509 3947 595 4029 Quid
609 3958 652 4012 ait
670 3948 815 4013 liudem?
841 3946 901 4014 Cn.
915 3948 1044 4015 Abduci
1057 3951 1118 4016 ndn

580 4054 692 4127 potest.
731 4041 793 4107 Da.
814 4040 878 4122 Qui
895 4044 959 4108 ndu
976 4047 1097 4128 potest?
