2618 4462
107 282 175 352 11‚3
550 283 725 341 PHORMIO
1028 291 1030 295 ’
1062 268 1124 337 165

158 405 217 469 Pu.
241 405 324 470 Nam
344 406 407 471 iem
429 405 625 472 dduleseenti
641 405 720 471 nihil
741 407 891 491 estquod
912 409 1123 486 susednsenm,

120 517 146 557 1⁵
244 499 280 565 Si
297 501 386 564 illdm
402 499 506 565 minus
523 512 627 578 norut3
646 503 764 587 quippe
777 501 870 565 homo
883 501 946 566 iam
964 502 1123 589 grandior,

241 593 381 679 Paupdr,
398 595 474 678 quoi
491 595 524 659 in
541 617 636 682 opere
653 597 719 660 uite
736 606 813 673 erat,
830 597 896 660 ruri
913 596 979 662 fere

242 687 286 753 Se
304 689 483 754 edntinebat
488 713 497 766 3
514 688 560 754 ibi
577 711 690 775 agrum
707 689 746 754 de
763 691 869 754 nostrd
885 700 974 775 patre

244 781 422 847 Colendum
440 782 587 849 habebat.
623 784 718 870 sadpe
735 784 855 850 interea
870 784 948 849 mihi
966 807 1063 850 senex
1139 789 1191 844 365

241 876 274 940 N
274 876 400 942 anteibat
416 899 450 943 se
468 877 553 943 hune
568 870 734 963 neddgere
751 880 921 962 cognatim
937 901 1041 943 suom:

119 989 145 1029 m
241 972 288 1034 At
305 971 401 1054 quem
417 970 535 1037 uirum!
558 993 653 1056 quem
671 993 731 1058 ego
748 971 883 1038 uiderim
899 973 932 1038 in
949 973 1016 1038 uita
1032 974 1123 1059 dptu-

578 1088 676 1131 mum.
1116 1066 1197 1144 s
1231 1112 1238 1119 -

159 1156 218 1224 Gn.
241 1150 361 1226 Videas
386 1168 433 1237 te,
464 1168 559 1243 atque
585 1160 675 1225 illum
702 1156 764 1246 [ut]
792 1160 916 1226 ndrrasi
958 1161 1018 1228 ΡΗ.
1046 1160 1064 1226 Ι
1089 1161 1122 1227 in

496 1279 498 1282 ’
577 1255 692 1319 maldm
711 1254 850 1320 erucem!

242 1345 325 1410 Nam
347 1347 379 1410 ni
401 1347 474 1411 dum
496 1369 564 1414 esse
586 1347 836 1427 existumdssem
863 1368 1036 1433 numquam
1057 1352 1123 1414 tdm

579 1465 687 1528 grauis

241 1530 296 1598 Ob
322 1534 403 1601 hane
428 1534 607 1600 inimieitias
634 1539 779 1622 ciperem
805 1536 838 1601 in
863 1546 1004 1602 nostram
1031 1534 1123 1600 femi·
1139 1548 1191 1605 370

577 1629 663 1707 liam,

241 1720 348 1803 Quam
365 1722 391 1786 is
408 1724 595 1808 depernntur
610 1723 696 1789 mine
713 1733 779 1787 tam
795 1722 1009 1789 inliberdliter.

118 1832 143 1873 25
157 1813 218 1879 Gn.
241 1816 360 1901 Pergin
378 1839 431 1882 ero
449 1817 573 1882 absenti
588 1817 671 1882 mdle
688 1816 786 1901 loqui,
804 1816 1033 1902 inpurissume?

156 1908 215 1973 Pu.
238 1909 382 1996 Dignum
396 1911 502 1976 mitem
515 1911 576 1976 hoe
590 1910 683 1975 illest.
712 1908 773 1976 Gn.
789 1912 853 1976 Ain
867 1922 977 1986 tamen,
997 1910 1122 1976 earedr?

156 2094 217 2161 Gn.
241 2098 403 2162 Bondrum
422 2001 885 2183 extortor‚11)e{u(det0dntort6r1
920 2095 983 2162 Dn.
1004 2097 1095 2163 Geta.

154 2189 214 2255 Pu.
236 2191 417 2276 Respdnde.
455 2190 516 2258 Gn.
536 2191 618 2274 Quis
636 2192 780 2257 homost?
805 2191 907 2257 dhem.
943 2191 1010 2258 Dn‘
1024 2192 1120 2259 Tace.
1138 2204 1190 2260 375

579 2284 640 2351 Gn.
658 2286 795 2351 Absenti
812 2274 869 2367 tim

240 2378 288 2444 Te
305 2379 450 2466 indignas
469 2400 565 2463 seque
583 2379 697 2464 dignae
715 2379 920 2445 eontumdliae

116 2491 141 2530 ³⁰
238 2471 420 2556 Numqudm
437 2472 574 2538 cessauit
592 2473 696 2539 dieere
713 2472 817 2538 hodie.
863 2472 923 2537 Dn.
939 2472 1073 2544 ,Ddsine

238 2566 448 2644 Aduldseens‚
470 2567 606 2651 primum
625 2565 681 2631 abs
699 2579 730 2631 te
747 2566 806 2631 hdo
823 2565 907 2631 bona
924 2567 1019 2631 uenid
1035 2579 1120 2654 peto,

240 2659 275 2725 Si
294 2660 351 2725 tibi
368 2661 493 2746 placere
510 2660 593 2746 pdtis
612 2670 669 2737 est,
686 2660 730 2724 mi
747 2671 783 2724 ut
799 2660 1005 2744 reepdndeas:

240 2752 344 2835 Quem
371 2756 507 2820 amicum
533 2762 695 2912 tuomihei's
720 2754 818 2820 fuisse
844 2752 950 2831 istum,
985 2755 1121 2841 expland
1137 2765 1189 2823 380

574 2871 606 2912 m
642 2872 662 2924 1,

238 2941 281 3005 Et
299 2943 353 3025 qui
371 2951 540 3026 cognatum
557 2942 608 3006 md
627 2940 688 3006 sibi
705 2964 774 3006 esse
792 2941 918 3006 diceret.

114 3055 140 3093 eu
154 3036 213 3100 Pu.
235 3034 374 3099 Proinde
389 3036 550 3121 dxpiseare
564 3036 655 3118 qudsi
667 3057 731 3100 non
744 3056 863 3100 nosses.
888 3034 951 3099 Dn.
966 3034 1119 3100 Ndssem?

572 3127 633 3193 Pu.
651 3127 711 3193 Ita.

151 3221 213 3285 Dn.
238 3222 309 3302 Ego
326 3221 377 3285 me
394 3243 491 3307 nego:
510 3233 545 3286 tu
562 3224 617 3305 qui
635 3231 681 3286 ais
698 3221 807 3306 redige
824 3221 858 3285 in
875 3222 1068 3286 mdmoriam.

152 3315 211 3379 ΡΗ.
235 3315 306 3379 Eho
325 3315 369 3391 tu,
392 3314 552 3380 sobrinum
575 3316 662 3380 tudm
678 3337 741 3379 non
764 3315 876 3379 noras?
909 3314 973 3379 Dn.
991 3298 1117 3380 Enicas.

238 3409 301 3473 Die
326 3409 449 3474 ndmen.
493 3408 553 3474 Pu.
576 3408 718 3473 Nomen?
744 3411 900 3473 mdxume.
943 3407 1007 3474 Dn.
1030 3409 1118 3490 Quid
1135 3415 1187 3470 385

571 3503 656 3567 nime
674 3503 777 3567 taces?

150 3597 209 3660 Pii.
232 3596 318 3660 Perii
344 3595 459 3672 hdrele,
485 3617 601 3659 nomen
626 3595 759 3681 perdidi.
802 3593 864 3660 Dn.
896 3592 1008 3680 [Hem]
1033 3596 1134 3674 Quid*

571 3687 635 3753 die?
669 3689 728 3753 Pu.
747 3686 843 3765 Geta,

112 3804 137 3841 m
236 3784 271 3848 Si
289 3783 457 3847 meministi
471 3783 503 3847 id
517 3784 603 3865 quod
616 3783 691 3847 dlim
709 3782 867 3859 dictumst,
887 3781 1004 3847 sdbiee.
1032 3782 1115 3859 hem,

235 3878 307 3941 Non
326 3877 410 3941 dieo:
433 3876 524 3960 quasi
541 3898 603 3940 non
622 3877 741 3952 ndsses,
764 3887 951 3961 temptatum
972 3877 1114 3942 dduenis.

150 3971 211 4036 Dn.
236 3971 308 4057 Ego
340 3972 444 4035 niuem
475 3971 614 4055 tempto?
664 3969 724 4034 Gn.
756 3968 867 4055 Stilpo.
915 3970 974 4035 Pu.
1009 3971 1116 4056 Atque

573 4064 651 4130 adeo
671 4063 749 4149 quid
765 4062 855 4127 mee?
1135 4084 1251 4200 .“
