2618 4462
177 268 220 341 68
421 277 903 339 aaavrortrmoavuuros
1129 279 1219 351 ΠΛ,

261 406 481 490 Minumeque‚
494 405 539 468 ita
551 423 602 468 me
616 402 649 466 dt
662 414 778 480 ament,
792 403 889 467 miror
901 404 972 468 site
985 401 1046 469 sibi
1058 402 1147 487 quis-

600 517 662 580 que
680 496 809 581 expetit.

262 593 346 658 Nam
368 591 455 668 mihi,
479 591 571 676 quale
593 589 755 676 ingenium
778 589 925 667 haberes,
947 589 1008 654 fuit
1029 588 1147 655 indicio

600 682 713 748 oratio:
1215 744 1221 751 .

143 791 156 822 ⁷
261 763 305 845 Et
331 801 427 864 quom
455 788 578 866 egomet
605 799 690 842 nune
716 780 840 842 mecum
862 776 895 842 in
918 777 1024 842 anirno
1046 778 1146 841 uitam
1173 793 1188 837 a

599 882 687 936 tuam
705 872 868 936 considero

263 945 481 1050 Omniumque
503 965 583 1030 adea
605 975 794 1042 uestrarum,
816 966 930 1050 uulgus
953 985 1034 1048 quae
1052 962 1093 1028 ab
1112 985 1147 1029 se

600 1060 780 1145 segregant,

261 1136 306 1219 tit
331 1175 390 1219 uos
417 1175 486 1219 esse
511 1151 602 1218 istius
628 1151 714 1216 modi
740 1162 772 1218 et
792 1173 851 1217 nos
872 1154 937 1218 nun
963 1172 1032 1217 esse
1059 1150 1147 1215 haud

601 1245 784 1311 mirabilest.

261 1340 344 1405 Nam
367 1339 496 1426 expetiit
517 1339 617 1404 bonas
638 1341 707 1403 esse
729 1339 835 1416 uobis3
861 1341 930 1416 nus,
956 1338 1147 1422 quibuscum

601 1444 649 1498 est
667 1456 727 1511 res,
745 1435 810 1498 min
827 1433 949 1498 sinunt:

263 1529 392 1614 Quippe
418 1528 520 1592 forma
545 1527 662 1612 inpulsi
687 1537 794 1592 nostra
825 1530 883 1593 nus
909 1527 1065 1592 amatores
1092 1547 1148 1591 eo·

600 1620 683 1697 lunt3
775 1621 777 1626 ’

263 1717 353 1782 Haeo
370 1714 426 1779 ubi
444 1714 638 1792 inminutast,
659 1714 704 1778 illi
723 1716 812 1780 suom
830 1714 971 1780 animum
989 1714 1051 1778 alio
1069 1714 1146 1778 0611-
1160 1732 1189 1773 ru

600 1809 720 1873 ferunt:

261 1903 330 1967 Nisi
353 1901 379 1967 si
403 1913 605 1988 prospectum
627 1904 746 1967 interea
767 1901 887 1985 aliquid
912 1903 974 1979 est,
1002 1900 1147 1966 desertae

601 1996 749 2061 uluimus.

263 2089 364 2155 deis
378 2111 450 2153 eum
464 2110 527 2154 uno
536 2091 632 2154 semel
643 2090 698 2154 ubi
707 2099 842 2154 aetatem
851 2090 946 2173 agere
956 2088 1148 2155 decretumst

601 2205 681 2260 uiro,

263 2276 386 2357 Quoius
405 2298 473 2341 mos
491 2278 669 2341 maxumest
690 2274 860 2341 consimilis
881 2276 1035 2353 uestrum,
1057 2274 1090 2340 hi
1112 2298 1148 2343 se

604 2371 644 2433 ad
662 2391 721 2434 uos
738 2368 908 2453 adplicant.

262 2465 337 2530 Ηόο
359 2464 511 2529 beneficio
534 2465 659 2547 utrique
682 2463 724 2527 ab
747 2462 887 2546 utrisque
908 2464 985 2527 uero
1007 2461 1149 2528 deuinci-

601 2581 688 2634 mim,

110 2663 161 2716 395
265 2632 309 2717 Vt
333 2672 508 2735 numquam
534 2651 599 2717 ulla
626 2650 726 2716 amari
751 2658 859 2714 uostro
884 2649 1022 2715 inuidere
1047 2648 1149 2735 possit
1162 2668 1191 2712 ru

603 2743 773 2809 calamitas.

179 2841 241 2906 Aa.
264 2839 380 2904 Ne'seio
411 2838 503 2904 alias:
538 2839 589 2902 me
624 2836 754 2921 quidem
784 2858 908 2921 semper
938 2837 1003 2901 seio
1033 2834 1149 2904 fecisse

602 2932 722 3008 sedulo,

264 3007 310 3092 Vt
336 3049 375 3091 ex
401 3026 485 3090 illius
507 3025 673 3091 cammada
694 3048 801 3090 meum
823 3025 1039 3108 erimpararem
1061 3026 1149 3091 cam·

602 3119 742 3184 modum.
787 3116 845 3182 Ca.
867 3118 933 3196 Ah,

265 3213 364 3300 turgt,
386 3236 458 3279 mea
477 3213 651 3298 Antiphila,
674 3214 709 3278 tir
729 3234 814 3276 nunu
836 3212 903 3276 sola
925 3212 1074 3278 reducem
1095 3236 1148 3281 me

603 3306 636 3370 in
654 3305 786 3392 petriam
804 3306 897 3383 fauis3

265 3401 348 3466 Nam
377 3400 453 3464 dum
478 3400 536 3465 abs
563 3410 594 3464 te
621 3400 747 3477 absum,
778 3421 887 3463 omnes
918 3399 994 3463 mihi
1024 3400 1150 3467 labores

606 3494 695 3558 fuere
713 3515 792 3576 quos
810 3495 879 3578 cepi
896 3493 994 3567 leues,

266 3589 502 3670 Praeterquam
516 3588 562 3652 tui
574 3587 743 3651 carendum
753 3587 839 3670 quod
852 3599 928 3652 erat.
957 3587 1011 3652 Sa.
1031 3584 1149 3654 Credo.
1164 3608 1192 3652 aa

606 3679 663 3746 Ca.
684 3679 776 3765 Syre,
792 3681 848 3744 uix
866 3681 998 3745 suffero:

267 3778 393 3840 Hocine
419 3797 470 3839 me
497 3774 645 3839 miserum
671 3776 735 3840 nan
760 3775 854 3839 licere
880 3775 950 3840 meri
981 3774 1075 3838 modo
1100 3774 1152 3839 in·

605 3867 732 3953 genium
750 3866 825 3932 fruil

183 3963 238 4030 Sr.
269 3964 372 4028 Immo
398 3964 433 4026 rit
459 3973 581 4047 patrem
607 3974 695 4026 tuom
720 3962 786 4025 uidi
813 3984 881 4026 esse
908 3961 1065 4039 habitum,
1093 3962 1151 4031 diu

605 4055 699 4121 etiam
718 4055 812 4120 duras
831 4054 927 4123 dabit.
