2618 4462
119 278 173 354 ru
579 280 729 340 Arnum
1093 261 1136 330 15

257 407 384 473 Aetdte.
421 405 466 473 Sr.
495 403 658 471 Carnufex
676 427 758 490 quae
775 404 932 490 loquitur?
965 404 1029 472 Du.
1051 386 1135 468 Eius

597 509 654 576 est,
672 520 775 583 neque
793 499 1003 585 prouideram.

175 591 222 660 Sr.
257 594 361 660 Daue.
397 593 462 659 DA.
481 595 577 671 Hem,
592 593 748 678 quidest?
783 591 830 658 Sr.
847 593 920 657 Eho
932 594 1009 658 dum
1023 591 1136 659 edme.

596 687 661 754 Du.
669 687 756 768 Quid
765 687 817 752 hic
826 688 912 753 uolt?
922 685 1062 768 &Quid
1072 686 1136 751 ais?

598 780 662 848 DA.
682 779 757 862 Qua
775 781 814 846 de
832 781 885 847 re?
920 780 966 846 Sr.
985 782 1112 866 Rogas?

259 874 372 940 Meum
390 875 521 962 gnetum
535 898 643 941 rumor
657 877 832 943 estimare.
868 875 931 943 DA.
952 876 990 940 Id
1002 876 1138 963 pepulus
1157 877 1207 931 185

599 980 689 1035 curat
706 969 833 1037 scilicet.

139 1081 163 1122 1⁵
178 1063 223 1130 Sr.
259 1065 384 1130 Hocine
398 1063 467 1152 agie
481 1088 522 1131 en
535 1065 618 1131 non?
643 1064 708 1129 DA.
726 1047 799 1150 Ego
808 1086 885 1129 uero
898 1063 988 1132 ietue.
1017 1062 1062 1131 Sr.
1073 1063 1140 1132 Sed

599 1181 684 1224 nune
701 1181 740 1224 ea
756 1181 807 1224 me
825 1159 988 1242 exquirere

263 1253 368 1338 Iniqui
386 1253 484 1338 patrie
500 1264 564 1332 est3
586 1252 660 1319 nem
678 1252 764 1336 quod
782 1251 915 1318 antehae
936 1252 1021 1330 feeit,
1038 1253 1083 1318 nil
1100 1253 1141 1317 ad

599 1368 650 1412 me
669 1346 789 1412 ditinet.

263 1439 351 1505 Dum
373 1442 497 1528 tempus
519 1440 653 1507 edeam
669 1441 737 1506 rem
754 1439 835 1518 tulit,
857 1439 928 1518 riui,
950 1439 1090 1506 enimum
1106 1451 1142 1506 ut

601 1534 744 1620 expleret
762 1556 866 1611 euom3

263 1626 358 1693 Nune
383 1627 435 1694 hie
461 1628 528 1695 dies
555 1628 648 1695 aliem
671 1629 769 1695 uitam
792 1627 908 1706 adfert,
936 1627 1013 1693 elios
1038 1650 1141 1694 mores

602 1723 755 1809 pertulat:

146 1844 149 1855 ¹
264 1816 391 1883 Dehine
413 1816 537 1904 peetulo
559 1817 627 1883 siue
650 1819 815 1901 aequomst
836 1827 867 1881 te
891 1838 956 1895 oro,
979 1816 1083 1895 Beue,
1106 1826 1211 1883 ut190

602 1912 711 1978 redeat
728 1912 792 1976 iam
809 1912 843 2001 iu
860 1911 955 1976 uiam.

142 2025 169 2064 κο
266 2006 340 2072 Hoe
365 2005 443 2092 quid
469 2006 530 2072 eit?
555 2029 675 2084 omnes,
703 2007 758 2091 qui
780 2016 898 2084 amant,
924 2007 1064 2091 grauiter
1084 2007 1145 2073 sibi

605 2100 673 2165 dari
690 2101 821 2165 uxorem
839 2100 954 2165 ferunt.

181 2190 251 2256 De
268 2192 319 2258 Ita
340 2193 437 2260 diunt.
482 2193 528 2261 Sr.
551 2193 637 2259 Tum
659 2193 685 2259 ei
708 2194 779 2278 quis
799 2193 986 2278 magistrum
1004 2193 1086 2280 cepit
1104 2193 1145 2260 ad

606 2311 677 2354 eam
694 2310 760 2354 rem
779 2288 958 2374 inprobum,

266 2382 377 2468 Ipsum
399 2381 540 2446 dnimum
561 2394 728 2470 aegrotum
751 2381 791 2446 ad
815 2382 1000 2446 deteriorem
1023 2381 1144 2468 pertem

606 2476 792 2561 plerumque
810 2476 957 2561 edplicat.

182 2568 246 2637 DA.
268 2568 343 2636 Non
359 2568 465 2635 hercle
479 2569 640 2656 intellege.
677 2567 723 2636 Sr.
743 2570 835 2636 Non?
857 2570 939 2636 hem.
974 2569 1040 2636 Du.
1058 2570 1145 2636 Non:

215 2745 220 2753 ι
606 2663 719 2753 Deuue
736 2686 817 2741 sum,
834 2686 899 2729 uon
917 2661 1073 2751 Oedipus,

144 2767 164 2781 ·’
183 2755 229 2824 Sr.
264 2756 388 2844 Nempe
414 2759 491 2845 ergo
518 2770 626 2845 aperte
651 2761 700 2823 uie
723 2780 805 2842 quae
827 2769 946 2823 restant
968 2762 1019 2825 me
1041 2759 1146 2844 loqui?
1164 2760 1215 2817 195

606 2852 669 2918 DA.
693 2852 779 2918 Sane
796 2853 933 2937 quidem.

145 2945 231 3014 25S1.
267 2945 304 3013 Si
322 2948 449 3011 sensero
467 2946 561 3012 hodie
579 2948 748 3032 quiequam
765 2947 799 3012 in
817 2946 865 3012 his
883 2959 915 3014 te
932 2946 1050 3034 miptiie

268 3040 428 3106 Falldeiee
446 3041 563 3119 eoneri,
580 3062 643 3125 quo
661 3041 739 3106 fient
756 3042 871 3119 minus,
937 3127 940 3131 .

256 3136 336 3200 vAut
354 3136 436 3200 uelle
453 3136 487 3201 in
504 3159 543 3202 ee
560 3159 593 3202 re
611 3134 744 3213 ostendi,
762 3157 857 3221 quam
876 3135 919 3200 sie
937 3135 1083 3203 uellidue:

267 3229 464 3298 Verberibus
478 3252 605 3295 caesum
620 3239 651 3295 te
665 3230 700 3295 in
716 3229 892 3316 pistrinum,
912 3229 1015 3307 Deue,
1033 3229 1147 3294 dedam

321 3316 324 3323 ’
605 3345 707 3408 usque
724 3323 765 3389 dd
782 3345 902 3400 necem,

268 3417 319 3484 Ea
340 3417 412 3502 lege
435 3429 531 3502 atque
552 3417 668 3494 omine,
694 3418 738 3495 ut,
766 3417 793 3482 si
816 3429 848 3482 te
870 3417 944 3483 inde
966 3418 1146 3494 exemerim,
1164 3420 1216 3477 ‘200

607 3533 668 3598 ego
685 3533 743 3597 pro
761 3513 791 3577 te
809 3512 935 3576 molam.

271 3604 368 3688 Quid,
391 3605 453 3670 hoe
469 3605 664 3672 intellextin?
686 3606 727 3670 du
745 3627 808 3671 non
826 3605 902 3671 dum
920 3605 1014 3672 etium
1031 3627 1071 3670 ne
1088 3605 1148 3671 hee

608 3700 756 3784 quidem?
798 3699 863 3765 DA.
896 3702 998 3764 Immo
1020 3699 1147 3765 cellide:

268 3793 319 3857 Ita
340 3794 448 3879 aperte
469 3794 572 3880 ipsam
593 3816 658 3858 rem
682 3794 776 3859 medo
798 3793 941 3872 locutus,
964 3793 1009 3859 nil
1031 3793 1149 3859 circum

607 3888 704 3952 irione
722 3888 798 3952 risus
816 3911 859 3953 ee.

138 4002 141 4007 '
185 3981 234 4053 81.
270 3983 383 4051 Vbiuis
407 3981 533 4048 facilius
560 3982 758 4143 pegerlrgdeim
785 4005 880 4067 quem
906 3981 940 4047 in
961 3981 1021 4048 hee
1042 4004 1076 4048 re
1098 4005 1149 4051 me

622 4100 641 4143 e
696 4100 751 4143 rer.
