2618 4462
177 292 242 372 v,u'
604 297 813 354 Anuuruou
1127 285 1190 352 299

227 422 289 487 Du.
310 401 485 508 Optumum
501 421 630 506 quidem
646 421 820 486 milierem.
857 420 911 488 Sr.
932 421 974 486 Et
992 420 1120 507 quidem
1138 425 1192 490 tud

419 550 421 554 ·
646 514 754 600 nepoti
771 514 865 580 huius
882 515 948 580 {ilio

312 610 539 697 Hddieprima
561 611 731 674 mdmmam
753 609 838 673 dedit
860 609 947 675 haee
992 609 1054 675 Du.
1073 612 1190 677 Hercle
1208 617 1260 673 975

312 784 477 883 Siquidem
494 797 595 884 prima
609 703 985 874 ᾱόὲἰθῐῖοὴῗιόιξειίοἷίυὺῐυηιεῐ
998 800 1074 881 quin
1093 798 1191 864 emitti

647 891 780 974 aequdm
798 890 866 955 siet.

189 985 284 1050 roMr.
312 965 366 1050 (ib
392 1009 462 1051 eam
493 986 579 1051 remi
620 984 684 1051 Du.
711 981 767 1048 Ob
798 1005 878 1049 eam.
913 985 1069 1070 postremo
1095 1008 1115 1051 a
1140 1009 1191 1052 me

648 1079 815 1164 argentum
832 1079 971 1161 quantist
988 1078 1111 1144 sumito.

227 1172 282 1238 Su.
309 1172 354 1236 Di
385 1173 456 1251 tibi,
482 1173 620 1250 Demea,
655 1172 763 1236 omnes
796 1194 920 1258 semper
949 1172 1053 1237 dmniu
1083 1184 1191 1259 optata

225 1360 285 1426 Mr.
314 1360 410 1448 Syre,
437 1359 615 1447 processisti
636 1264 895 1445 timidaiiilchre.
938 1359 1001 1425 Du.
1024 1359 1189 1445 Siquidem

646 1474 748 1539 porro,
766 1453 876 1530 Micio,

309 1549 361 1613 Tri
379 1561 466 1614 tuom
484 1549 623 1613 officium
641 1547 748 1625 fdoies,
770 1559 865 1631 atque
882 1547 956 1613 huic
976 1549 1094 1633 dliquid
1111 1572 1190 1636 pau·
1207 1557 1258 1612 980

645 1642 712 1706 lum
728 1642 804 1727 prad
821 1665 916 1707 manu

309 1735 455 1815 Dederis,
474 1737 557 1802 unde
576 1739 699 1845 utdtum
715 1735 824 1801 reddet
842 1736 899 1800 tibi
917 1736 989 1801 cito.
1027 1737 1086 1802 M1.
1105 1738 1189 1804 Istoc

186 1941 212 1982 25
225 1925 285 1989 Au.
308 1925 407 2012 Frugi
420 1925 553 1990 homost.
583 1830 798 1991 Suliilelddam
812 1922 927 2000 hercle,
943 1923 983 1988 da
995 1924 1099 1990 modo.
1126 1927 1187 1991 Au⁶

645 1999 729 2103 rige,
739 2016 843 2103 poteri
861 2016 920 2082 Mr.
930 2017 1009 2082 Post
1018 2019 1186 2086 oonsulam.

224 2112 285 2176 Du.
305 2112 424 2178 Fdoiet.
474 2111 528 2178 Sv.
556 2110 588 2177 Ο
615 2112 664 2176 uir
690 2110 833 2197 dptumei
882 2113 944 2176 Au.
972 2111 1003 2176 Ο
1030 2116 1119 2199 patdr
1145 2115 1189 2178 mi

645 2204 872 2271 festinissumei
891 2242 933 2253 -

222 2301 281 2367 Mr.
307 2301 394 2382 Quid
412 2301 512 2365 istuc?
538 2323 619 2384 quae
637 2323 688 2365 ree
706 2302 771 2364 tdm
788 2312 916 2384 repente
933 2301 1035 2366 mdres
1053 2305 1188 2367 mutauit

308 2489 405 2569 Qudd
431 2487 629 2574 prolubium?
642 2394 737 2570 timidi
763 2487 859 2552 istaeo
882 2487 1015 2553 subitast
1040 2489 1187 2575 ldrgitasi
1204 2496 1255 2550 989

643 2581 707 2646 Du.
725 2581 840 2646 Diodm
859 2581 930 2647 ribi:

306 2658 350 2744 Vt
369 2677 400 2741 id
415 2677 622 2754 ostenderem,
640 2675 725 2760 quod
743 2688 774 2741 te
791 2675 843 2740 isti
855 2676 981 2742 fdoilem
997 2688 1029 2742 et
1041 2678 1187 2743 festiudm

305 2845 345 2931 id
362 2888 426 2930 non
443 2864 512 2930 fieri
530 2888 569 2930 ex
586 2781 867 2948 udrdudddt’ndque
884 2865 964 2931 adeo
978 2889 1018 2931 ex
1036 2887 1137 2951 aequo
1155 2870 1186 2932 et

306 3053 372 3120 de
407 3076 447 3118 ex
477 2958 912 3162 adsentandiiniidulgendo
947 3065 978 3118 et
1012 3054 1184 3142 ldrgiendo,

306 3241 398 3307 Nino
416 3240 495 3306 adeo
513 3240 540 3305 si
557 3240 598 3305 ob
616 3146 770 3305 ezidicidin
788 3240 878 3305 uobis
896 3242 968 3307 mdo
984 3241 1052 3307 uita
1071 3241 1184 3322 inuisa,

640 3334 811 3412 Aeschine,
829 3347 887 3413 est,

304 3427 390 3510 Quia
408 3451 470 3493 non
487 3427 571 3494 iusta
588 3427 704 3493 iniusta
721 3451 849 3515 prorsus
866 3429 972 3496 dmnia
984 3430 1110 3496 omnino
1128 3432 1184 3496 db·
1202 3435 1252 3490 999

303 3617 406 3681 Missa
428 3616 524 3683 focio:
551 3544 847 3695 eofundiidore’mite,
869 3616 962 3682 fdoite
985 3618 1072 3702 quod
1093 3618 1184 3683 uobis

306 3802 371 3872 de
385 3803 412 3869 si
419 3804 453 3870 id
466 3803 559 3873 uoltis
568 3709 697 3915 potitii,b
697 3721 779 3889 diiae
790 3826 849 3871 uos
862 3804 989 3892 prdpter
1001 3805 1184 3871 adulescen-

303 3992 414 4058 Minus
435 3990 563 4071 uidetis,
587 3908 718 4081 urigiim
715 3992 847 4081 inpense
872 3992 995 4079 oirpitis,
1022 3993 1183 4058 consulitis

362 4113 365 4116 .
579 4112 582 4117 .
640 4106 765 4175 pamm,
