2618 4462
183 262 246 329 246
561 272 771 332 mnnruou
1133 277 1201 350 ur

266 398 403 464 Animes
433 398 490 463 tibi
520 398 646 484 pendet.
694 394 756 462 ribi
780 397 867 464 illinc
897 420 989 484 spero
1018 399 1150 466 redieris

603 504 719 568 tamen,
738 491 799 557 hec
819 514 907 578 ages.

182 586 237 653 SA.
264 587 430 670 Nusquem
451 585 574 671 pedem.
610 585 689 671 perii
713 583 833 653 hercle:
860 586 920 651 hac
942 585 986 650 illi
1008 608 1065 672 spe
1087 586 1150 652 hec

603 680 798 765 inceperent.
836 678 889 744 Sr.
913 679 1032 745 Timet:

264 773 364 839 Inieci
390 773 573 860 scrupulum
599 772 727 882 hemini.
771 771 827 838 Sn.
855 772 886 837 O
910 774 1042 839 scelera:
1068 773 1149 838 illud
1163 793 1189 834 aa

264 962 309 1028 Vt
326 961 446 1046 inipso
465 866 779 1046 articulolepipiiessit.
815 955 939 1046 emptae
957 961 1106 1026 mulieres
1139 1006 1141 1010 ι

265 1054 452 1142 Complures
471 1055 595 1120 etitem
612 1054 685 1119 hinc
702 1054 765 1118 elia
781 1075 863 1139 quae
880 1057 971 1140 porte
990 1053 1146 1141 Cyprum.

264 1149 333 1213 Nisi
363 1170 401 1213 ec
432 1149 472 1212 ed
501 1158 675 1214 mercatum
706 1148 815 1226 uenio,
855 1148 1005 1213 damnum
1035 1153 1148 1213 mexu·

264 1335 357 1403 Nunc
378 1335 404 1400 si
426 1334 486 1401 hec
507 1263 635 1444 omitte?
636 1251 766 1400 :211⁸th
788 1328 881 1421 agam
907 1337 963 1400 ubi
988 1335 1075 1402 illinc
1097 1337 1148 1402 re-

253 1516 317 1587 Nil
334 1523 396 1587 est:
414 1519 570 1588 refrixerit
587 1427 769 1588 relevium
786 1515 912 1588 ‹lemem
930 1524 1039 1589 uenis?
1160 1542 1188 1585 aa

265 1616 356 1698 Quor
373 1616 516 1702 pessu’s?
533 1615 588 1680 ubi
608 1612 715 1680 erasi*
728 1616 763 1708 sit
780 1615 821 1680 sit
838 1617 936 1682 satius
954 1618 1085 1703 perdere

265 1709 371 1790 Quam
396 1721 452 1775 aut
477 1709 562 1775 neno
587 1731 715 1819 manere
741 1712 806 1774 tem
832 1711 888 1775 diu
908 1723 963 1776 aut
985 1724 1052 1776 tum
1073 1711 1166 1797 pert

180 1897 235 1963 Su.
263 1899 384 1988 Iamne
413 1823 677 1963 enumerastiseill¹
679 1827 699 1867 1·
709 1897 795 1982 qued
827 1897 872 1963 ad
907 1910 938 1964 te
971 1890 1146 1965 rediturem

180 2084 235 2150 Si.
263 2085 387 2150 Hocine
412 2085 466 2150 fllo
492 1993 819 2169 dignueliisloeine
846 2085 984 2172 incipere
1010 2088 1146 2153 Aeschi-

263 2273 327 2338 Per
344 2272 581 2359 oppressionem
598 2202 735 2338 elulienc
752 2273 796 2337 mi
813 2273 934 2359 eripere
951 2266 1107 2360 pestulet?
1159 2295 1187 2336 ao

180 2367 232 2433 Sr.
261 2366 420 2432 Labescit.
456 2390 555 2432 unum
572 2366 633 2457 hoc
650 2366 767 2433 hebeo:
785 2366 859 2432 uide
876 2367 903 2430 si
921 2369 995 2432 setis
1013 2369 1131 2455 placet:

110 2479 160 2533 240
262 2462 373 2526 Poties
391 2483 487 2545 quam
504 2461 614 2525 uenias
629 2462 664 2524 in
682 2461 844 2546 periclum,
863 2459 993 2539 Sennic,

264 2555 423 2620 Seruesne
441 2578 481 2619 an
499 2554 612 2640 perdas
631 2555 742 2632 tetum,
761 2554 923 2620 diuiduem
941 2556 1024 2634 face3

262 2649 369 2713 Mines
387 2648 496 2713 decem
514 2647 663 2712 comedet
681 2648 836 2713 alicunde.
872 2646 927 2713 Sa.
950 2647 992 2713 El
1009 2649 1096 2729 mihi,

263 2743 370 2807 Etiem
388 2743 427 2807 <le
445 2753 528 2806 sorte
545 2743 630 2804 minc
647 2741 741 2805 uenio
758 2741 791 2804 in
809 2741 941 2806 dubiem
959 2742 1071 2808 miser?
1158 2765 1187 2807 cr

262 2836 369 2902 Pudet
386 2835 449 2900 nil?
466 2835 567 2899 omnis
586 2835 687 2899 dentis
705 2835 852 2900 labefecit
869 2836 956 2914 mihi,

262 2931 433 2994 Praeterea
449 2928 590 3014 colaphis
608 2930 701 2993 tuber
718 2939 766 2994 est
783 2930 884 2993 tatem
902 2941 1010 3016 caput:
1115 3006 1122 3026 ,

264 3024 370 3088 Etiam
387 3025 516 3108 insuper
534 3022 718 3087 defraudat?
734 3044 890 3107 nusquam
910 3025 999 3090 abeo.
1031 3023 1084 3089 Sr.
1098 3025 1145 3090 Vt

263 3211 347 3276 Num
363 3211 440 3295 quid
453 3210 502 3276 uis
515 3115 739 3294 quinleeeeemr
765 3208 820 3275 Sa.
840 3191 942 3274 lmmo
960 3211 1065 3275 hercle
1082 3210 1145 3278 hcc

601 3306 729 3388 quaeso,
749 3303 845 3388 Syre:

263 3401 361 3467 Vtut
378 3398 456 3462 haec
474 3408 548 3462 sunt
565 3409 645 3476 acta,
662 3399 766 3482 petius
785 3418 880 3480 quarn
896 3397 959 3461 litis
977 3417 1100 3480 sequar,
1158 3421 1187 3462 m

262 3494 374 3558 Meum
405 3492 495 3578 mihi
512 3492 675 3568 reddatur,
710 3493 820 3557 seltem
854 3491 963 3575 quanti
998 3496 1146 3586 emptesl,

266 3678 340 3745 Scio
358 3682 390 3744 te
406 3702 471 3744 non
488 3701 581 3744 usum
599 3585 732 3744 {leem
751 3678 887 3743 amicitie
904 3701 989 3744 mea:

263 3775 441 3839 Memorem
458 3795 509 3839 me
527 3773 611 3838 dices
630 3775 698 3838 esse
716 3784 747 3838 et
765 3786 900 3858 gratum.
936 3770 989 3837 Sr.
1010 3771 1131 3839 Sedulo

264 3868 403 3933 Faciem.
439 3868 495 3933 sed
513 3865 737 3952 Ctesiphenem
755 3866 862 3931 uideo:
880 3866 980 3957 laetus
998 3876 1045 3930 eet
1078 3922 1080 3927 .

264 3962 316 4028 De
334 3965 444 4027 amica.
478 3961 533 4026 SA.
553 3960 640 4042 Quid
653 3962 738 4044 quod
751 3972 782 4026 te
797 3960 870 4024 ero?
902 3958 956 4026 Sr.
974 3959 1146 4046 Paulisper
1159 3982 1187 4024 u

601 4076 703 4120 mane.
