2618 4462
175 242 216 316 48
579 252 729 314 Annam
1125 255 1191 329 v,4

260 379 348 466 Quid
365 378 419 448 ille
438 379 478 447 sit
494 379 624 447 fuctum.
659 379 720 446 Pr.
738 379 803 446 le
821 401 891 445 sum
910 379 993 466 apud
1011 400 1077 445 me:
1094 379 1139 445 ita

595 474 719 538 enimus
737 474 926 538 commothst
942 484 1029 539 metu

261 570 327 656 Spe
352 568 483 657 gaidio,
507 567 657 634 mirendo
682 577 770 632 tanto
796 571 861 632 tem
889 569 1053 652 repentino
1079 567 1178 632 hoca

534 692 538 700 ⁴
596 662 690 726 bono.

177 759 222 826 Sr.
257 758 308 824 Ne
324 757 416 822 istem
433 755 627 822 multimodis
645 767 732 822 tuem
749 754 884 820 inueniri
901 755 1035 840 gairdeo.
1077 753 1137 819 Pu.

599 846 715 925 Crede,
734 859 832 933 pater.

107 954 159 1010 940
177 944 237 1011 Cn.
261 947 307 1010 At
326 943 491 1029 sorripulus
513 943 557 1007 mi
575 942 670 1008 etiam
687 942 769 1006 imus
786 951 893 1018 restat,
916 943 972 1025 qul
988 964 1040 1006 me
1056 941 1138 1006 male

598 1035 703 1102 habet.
745 1034 806 1101 ΡΑ.
824 1035 952 1120 Dignus
970 1057 1003 1100 es

260 1130 344 1198 Cum
366 1133 422 1196 tue
442 1130 608 1217 religione,
631 1129 740 1195 edium
763 1127 820 1194 ..l
842 1128 960 1194 nodum
982 1130 1015 1193 in
1036 1130 1139 1214 scirpo

189 1236 192 1240 ’
484 1249 486 1253 ’
595 1223 730 1307 quaeris.
776 1221 834 1287 On.
853 1219 940 1304 Quid
958 1223 1040 1287 istud
1056 1223 1122 1286 est?

176 1319 237 1385 Cu.
263 1318 387 1384 Nomen
405 1340 468 1383 non
487 1319 643 1383 conuenit.
674 1314 732 1381 Cn.
750 1316 827 1381 Fuit
842 1315 946 1381 hercle
963 1316 1036 1381 huic
1052 1315 1139 1380 aliud

573 1427 723 1495 ‘paruae
769 1407 828 1474 (ln.
856 1408 963 1490 Qued,
982 1408 1089 1474 Crito?

259 1506 345 1571 Num
363 1504 440 1589 quid
456 1503 645 1570 meministi?
677 1501 734 1568 Ca.
753 1503 792 1567 Id
810 1507 936 1587 quaero.
966 1503 1028 1568 Pa.
1045 1503 1138 1589 Egon
1152 1520 1178 1560 ⁴⁰

597 1597 690 1662 huius
706 1597 890 1663 memoriam
908 1598 1009 1683 patier
1025 1619 1113 1661 meae

259 1692 424 1778 Volupteti
450 1692 589 1768 obstare,
615 1693 712 1775 quem
738 1713 798 1777 ego
825 1692 942 1776 possim
969 1691 1139 1754 inhaere

599 1785 748 1851 medicari
765 1784 859 1848 mihi?

107 1901 159 1954 945
260 1882 365 1956 Heus,
388 1877 551 1955 Chremes,
573 1878 661 1961 quod
682 1878 822 1961 quaeris,
843 1876 1034 1942 Pesibulast.
1079 1876 1137 1942 Cu.

597 1969 765 2036 Periboloi
798 1972 912 2056 Ipsest.
948 1968 1006 2035 Cn.
1028 1972 1117 2036 East.

176 2069 235 2132 Pu.
262 2067 314 2132 Ex
335 2068 405 2152 ipsa
422 2065 544 2130 miliens
562 2064 679 2129 audiui.
724 2063 769 2130 Sr.
794 2062 908 2129 Omnis
924 2087 982 2129 nos
1000 2066 1139 2151 gaudere

597 2159 667 2234 hec,
686 2155 851 2234 Chremes,

261 2254 309 2318 Te
328 2253 421 2318 credo
438 2251 575 2318 credere.
620 2249 681 2316 Ca.
711 2233 762 2316 lta
779 2274 830 2317 me
848 2251 881 2315 di
898 2264 1013 2329 ament,
1036 2253 1138 2318 credo.

596 2345 655 2410 Pu.
674 2343 771 2426 Quod
788 2348 895 2422 restet,
912 2358 1002 2431 pater
1020 2399 1028 2412 .
1048 2395 1056 2411 .
1076 2396 1083 2411 .

179 2442 224 2509 Sr.
260 2442 329 2506 Iam
348 2440 468 2505 dridum
485 2461 536 2504 res
554 2439 700 2504 reddirxit
716 2463 768 2504 me
781 2440 850 2524 ipsa
862 2440 895 2504 iu
909 2441 1053 2525 gretiam.
1080 2441 1139 2505 Pu.
1153 2460 1179 2500 re

488 2556 492 2561 ’
600 2531 790 2619 Olepidhm
806 2533 942 2619 patrem!

261 2629 313 2694 De
327 2630 435 2705 unere,
453 2627 546 2692 itaut
559 2627 695 2713 possedi,
709 2628 754 2692 nil
767 2631 868 2692 mutet
882 2626 1053 2694 Chremes?
1080 2627 1139 2693 Cn.

600 2719 707 2786 Causa
725 2723 896 2807 eptomast3

110 2842 161 2896 950
262 2817 332 2883 Nisi
352 2816 430 2900 quid
454 2827 544 2901 pater
565 2824 609 2880 alt
630 2816 726 2880 aliud.
767 2815 828 2880 Pa.
855 2816 978 2901 Nempe
1000 2817 1051 2881 id?
1095 2816 1141 2883 Sr.

600 2907 737 2975 Scilicet.
757 2907 1142 2996 Cn.Dos,Pemphile,est

262 3005 384 3070 Decem
405 3003 533 3069 talenta.
577 3003 637 3068 Pa,
664 3003 807 3089 Accipio.
852 3002 912 3069 Ca.
938 3004 1079 3090 Propero
1101 3007 1141 3070 ad

600 3098 708 3162 liliam.
752 3096 812 3163 eho
829 3099 963 3174 mechm‚
983 3097 1086 3177 Crit03

261 3193 345 3259 Nam
362 3192 448 3257 illem
461 3214 513 3257 me
527 3191 620 3258 credo
638 3191 724 3256 haud
740 3193 843 3257 nesse.
856 3231 900 3242 —
915 3190 959 3256 Sr.
975 3191 1067 3273 Quor
1078 3217 1142 3258 non

600 3286 686 3350 illam
704 3286 766 3351 huc
783 3286 945 3351 transferri
962 3286 1071 3352 iubes?
1144 3291 1147 3297 '

177 3382 238 3449 Pu.
265 3381 363 3446 Recte
375 3380 542 3445 edmonest
559 3379 655 3445 Dauo
670 3381 730 3466 ego
740 3379 820 3445 istuc
830 3379 943 3446 dedam
952 3380 1015 3444 iem
1024 3381 1139 3468 negoti.
1156 3400 1181 3442 ao

603 3471 647 3538 Sr.
673 3473 747 3538 Neu
764 3485 877 3560 potest.

179 3570 238 3635 Pu.
266 3567 351 3650 Qui?
378 3566 423 3634 Sr.
441 3566 528 3650 Quia
540 3567 635 3633 hahet
650 3567 736 3633 alind
748 3569 849 3654 megis
864 3591 904 3634 ex
918 3591 986 3635 sese
1000 3579 1031 3635 et
1039 3569 1149 3636 matius.

599 3661 660 3728 Pu.
674 3660 867 3743 Quidnam?
885 3663 930 3728 Sr.
940 3664 1074 3728 Vinctus
1084 3680 1141 3729 est.

111 3777 162 3833 955
178 3761 237 3824 Pu.
263 3758 371 3835 Pater,
398 3779 462 3822 non
486 3766 571 3822 recte
595 3759 743 3822 uinctust.
789 3755 832 3822 Sr.
863 3756 961 3821 Haud
986 3758 1030 3822 ita
1055 3758 1140 3823 irissi.

599 3849 658 3916 Pu.
685 3850 766 3916 Iube
784 3851 873 3926 solui,
893 3853 1033 3916 ebsecro.

181 3947 226 4014 Sr.
261 3948 335 4032 Age
351 3945 418 4012 flat.
452 3944 513 4010 Pl.
537 3945 583 4010 At
600 3945 732 4012 metina.
768 3943 813 4011 81.
837 3944 886 4010 Eo
904 3945 996 4009 intro.
1030 3944 1141 4011 Pho

600 4039 739 4107 fcirstum
756 4049 788 4106 et
805 4039 928 4106 felicem
947 4038 1044 4110 dieml
