2618 4462
178 261 220 326 70
420 271 608 329 HEAVTON
625 269 904 328 TIMORVMENOS
1117 268 1201 340 111,1

106 395 239 462 430011.
262 396 356 463 vua
377 397 475 479 nque
497 393 587 459 aar
621 393 691 457 ui„
707 373 774 459 vu
794 405 896 458 mma
916 392 1055 477 quaem
1093 389 1155 458 on.

602 486 703 573 Apud
719 488 771 551 me
787 486 882 550 domi.

176 583 243 648 Mn.
262 584 358 649 Meus
372 582 509 670 gultur?
530 580 592 648 Cn.
608 580 664 646 Sic
673 591 730 646 est.
751 580 946 647 MnVenit?
967 578 1145 646 cacata.
1233 580 1238 587 ’

601 675 670 738 Mu
690 673 796 739 Clinia

261 771 358 835 Meus
376 769 482 836 uenit?
518 767 579 834 Cn.
597 768 686 833 Dixi.
720 768 790 832 Mn
807 767 943 833 Demusr
961 768 1024 835 due
1041 790 1092 832 me
1104 766 1147 832 atl

603 885 687 939 eum,
703 861 846 927 ebsecro.

178 958 239 1025 Cn.
262 959 336 1022 Nou
354 959 423 1023 nelt
439 968 471 1024 ts
488 956 568 1022 seire
587 959 620 1021 se
638 956 757 1021 redisse
773 955 880 1032 etiam,
897 957 930 1020 et
947 966 1035 1019 tuom

263 1050 479 1136 Conspectum
497 1050 628 1136 fugitat:
646 1052 775 1136 prepter
790 1059 956 1135 peceatum
972 1047 1034 1114 heo
1046 1047 1145 1123 timet,
1159 1063 1186 1106 rs

107 1154 160 1206 435
263 1145 314 1210 Ne
332 1147 387 1210 tria
403 1145 521 1209 duritia
538 1146 669 1228 antiqua
685 1142 740 1207 illa
755 1143 851 1207 etiam
867 1141 1003 1207 adsueta
1018 1140 1068 1206 sit

175 1239 243 1303 Mn.
262 1239 336 1304 Non
349 1249 383 1303 tu
397 1238 442 1302 llli
456 1237 533 1302 dixti
547 1248 583 1302 ut
600 1237 723 1302 essem?
757 1233 817 1300 Cu.
834 1235 918 1300 Non.
951 1235 1019 1299 Mu.
1038 1233 1145 1318 Quam

600 1329 642 1395 ob
658 1332 737 1407 rem,
756 1327 929 1395 Chremes?

177 1425 237 1490 Cn.
261 1424 348 1505 Quia
365 1427 514 1511 pessume
530 1423 613 1488 istun
628 1424 662 1487 in
679 1434 711 1487 te
728 1435 824 1507 atque
841 1423 874 1486 in
891 1423 981 1487 illum
998 1421 1150 1499 eensulis,

263 1518 299 1583 Si
317 1520 348 1584 te
367 1531 432 1583 tam
450 1518 513 1582 leni
531 1529 561 1583 et
580 1519 664 1582 uicto
683 1539 752 1582 esse
770 1515 875 1581 animo
892 1516 1076 1581 ostenderis.

177 1613 244 1676 Mn.
262 1613 336 1678 Non
362 1615 507 1698 pessum:
539 1610 616 1676 satis
642 1611 720 1689 iarn,
747 1609 823 1675 setis
848 1622 939 1696 pater
964 1610 1062 1674 durias
1088 1609 1186 1674 luiso

602 1703 662 1770 Cu.
682 1704 747 1781 Ah,
1079 1709 1081 1714 ’

107 1813 159 1866 440
260 1799 443 1866 Vehemens
468 1798 501 1862 in
526 1809 694 1881 utramque
719 1801 853 1884 pertem,
879 1796 1083 1874 Menedeme,
1110 1797 1146 1862 es

601 1914 705 1969 mmrs,

263 1987 331 2049 Aut
348 1984 493 2069 largitate
510 1985 607 2048 nimia
624 1996 679 2049 ant
695 1984 901 2070 parsimenia:

262 2080 300 2143 In
322 2078 454 2143 eendem
476 2077 621 2143 fraudem
644 2101 684 2143 ex
705 2077 765 2143 heo
786 2100 821 2143 re
842 2088 937 2161 atque
959 2099 1000 2141 ex
1021 2076 1076 2142 illa
1096 2079 1147 2142 ln·

600 2171 697 2237 eides.

262 2265 405 2329 Primum
424 2264 500 2329 elim
516 2264 622 2350 potius
640 2268 737 2349 quem
754 2277 897 2350 paterere
913 2263 1017 2329 fllium

264 2356 465 2423 Commetare
483 2358 525 2421 ad
542 2358 769 2435 mulierculam,
787 2379 869 2442 quae
887 2357 1016 2442 paululo
1160 2377 1190 2419 ar

144 2459 161 2510 5
263 2452 348 2515 Tum
365 2453 433 2516 eret
450 2461 598 2516 contenta
614 2453 751 2535 quoique
769 2464 858 2516 erant
875 2463 966 2535 grata
983 2451 1099 2527 emnia,

263 2544 466 2609 Proterruisti
484 2545 566 2609 hine.
602 2546 642 2610 ea
658 2557 767 2610 coacta
783 2544 925 2630 ingretiis

264 2638 394 2702 Postilla
412 2638 514 2722 coepit
532 2641 652 2705 uictum
669 2638 767 2725 uolgo
783 2640 945 2723 quaerere.

263 2730 358 2794 Nunc
374 2732 471 2814 quern
489 2732 556 2796 sine
573 2754 691 2818 magno
708 2731 936 2796 intertrimento
953 2734 1018 2797 nen
1035 2743 1139 2818 potest

265 2824 397 2901 llaberi,
413 2825 540 2908 quiduis
558 2826 634 2891 dere
650 2826 750 2911 cupis.
785 2849 859 2889 nam
876 2839 912 2891 ut
929 2827 964 2890 tu
981 2826 1073 2902 scias,
1159 2848 1190 2889 so

129 2935 144 2985 o
264 2917 371 2999 Quam
397 2940 435 2982 ea
459 2919 545 2984 nuno
569 2919 723 2984 instructa
747 2918 878 3004 pulchre
908 2921 949 2985 ad
974 2921 1148 3006 perniciem

603 3012 673 3089 siet,

264 3103 408 3168 Primr'rm
425 3102 489 3168 iam
506 3104 636 3170 ancillas
653 3106 761 3170 seeum
783 3105 914 3171 adduxit
936 3106 1008 3191 plus
1025 3106 1148 3185 decem,

265 3193 423 3261 Oneretas
442 3207 529 3262 ueste
547 3209 642 3281 atque
659 3198 750 3262 ar'rro:
768 3212 895 3284 satrapa
913 3202 941 3264 si
958 3199 1018 3266 siet

266 3290 409 3366 Amator,
427 3311 600 3374 numquam
617 3290 749 3356 slafferre
766 3290 834 3357 eius
852 3294 997 3377 sumptus
1014 3305 1125 3377 queat3

264 3381 391 3448 Nudum
408 3399 443 3447 tu
461 3382 572 3468 possis.
606 3383 674 3448 Ma.
696 3367 796 3449 Estne
818 3406 856 3450 ea
872 3386 976 3451 intus?
1011 3386 1071 3452 Cn.
1096 3388 1191 3454 Situr

602 3477 715 3561 rogas?

130 3579 159 3631 fif
266 3567 368 3634 Sensi.
399 3591 473 3634 nam
491 3590 587 3633 unam
604 3578 635 3635 el
651 3571 761 3634 cenam
779 3580 874 3655 atque
892 3571 959 3637 eius
978 3573 1148 3640 cemitibns

266 3661 364 3739 Dedl;
382 3660 469 3745 qnod
489 3661 516 3726 si
534 3661 648 3727 iterum
665 3663 743 3726 mihi
759 3662 799 3726 sit
816 3664 931 3740 danda,
949 3666 1054 3731 autum
1072 3668 1143 3733 siet.

265 3754 348 3819 Nam
366 3766 400 3820 ut
417 3754 481 3819 elia
499 3753 652 3832 omittam,
670 3755 852 3840 pytissando
869 3759 965 3823 medo
982 3759 1059 3823 milri

265 3846 353 3930 Quid
370 3845 436 3912 trini
453 3846 630 3932 absumpsit
647 3847 708 3912 ‘sia
724 3847 797 3913 hoo’
815 3850 936 3926 dicens3
955 3855 1129 3937 ‘esperum,

265 3942 371 4015 Potor,
389 3940 449 4006 heo
467 3952 529 4005 est:
547 3939 633 4004 aliutl
650 3938 752 4006 lenius
770 3942 861 4007 sodes
878 3944 980 4011 uide’l
1161 3968 1191 4011 ω

264 4035 377 4101 Releui
394 4033 478 4100 dolia
495 4032 611 4113 emnia,
630 4032 732 4099 omnis
750 4034 857 4101 serias.
