2618 4462
186 258 249 324 124
564 270 770 330 EVNVCHVS
1116 275 1200 346 ΠΗ

269 393 357 477 Quid
377 394 477 462 midta
502 394 620 461 uerba?
645 397 751 460 amare
778 395 878 481 coepi.
913 395 995 464 idria
1021 396 1188 463 fortunare

604 487 690 553 domi

267 581 347 648 Erat
370 582 500 666 quidam
527 581 706 658 eunuchus,
735 583 832 666 quem
858 593 1014 650 marcatus
1046 584 1149 650 iuerat

602 675 701 742 irater
717 675 843 754 Thaidi,

266 769 380 854 Neque
395 769 422 834 is
435 768 589 836 deductus
606 769 791 835 etiamdum
804 770 939 836 adeam
966 770 1149 836 submonuit

231 870 233 875 ’
399 916 401 921 ,
604 886 656 931 me
672 863 831 931 Pdrmeuo

144 951 146 959 ’
265 958 315 1023 Ibi
333 959 451 1036 seruos,
474 958 561 1043 quod
583 981 643 1044 ego
666 958 793 1045 arripui
837 959 899 1026 Αιι.
919 956 1006 1040 Quid
1028 958 1061 1023 id
1082 958 1175 1035 esti,

411 1088 413 1092 >
567 1050 662 1118 On.
681 1051 811 1118 Tacitus
829 1052 921 1118 citius
938 1053 1062 1121 addicat

265 1145 310 1212 Vt
327 1147 449 1211 uestem
466 1167 539 1211 cum
557 1167 596 1213 eo
613 1146 732 1213 mutem
749 1157 780 1212 et
802 1168 860 1232 pro
880 1146 935 1212 illo
953 1146 1078 1212 iribeam
1096 1167 1147 1212 ms

449 1247 451 1251 ’
603 1240 676 1306 illoc
694 1241 811 1307 ducier.

180 1337 242 1402 Αιι.
264 1335 329 1400 Pro
348 1335 532 1401 eunuchon?
567 1333 628 1401 Cn
647 1333 703 1401 Sic
719 1350 777 1401 est.
812 1336 876 1402 Au
895 1332 982 1416 Quid
999 1357 1040 1400 ex
1057 1357 1095 1400 ea
1112 1356 1146 1399 re
1159 1351 1185 1393 aa

601 1428 729 1494 tindem
746 1440 783 1495 ut
800 1450 929 1515 caperes
946 1428 1172 1494 cdmmodii.

180 1521 240 1587 Cn.
262 1521 390 1609 Regis?
419 1521 574 1600 uiderem,
604 1522 761 1599 audirem,
792 1544 894 1588 assem
920 1543 984 1589 uua
1007 1523 1146 1606 quicum

602 1616 779 1702 cupiebam,
797 1598 951 1702 Antipho.

110 1718 162 1772 575
263 1709 349 1775 Num
367 1712 466 1796 parua
484 1731 580 1776 causa
596 1722 652 1774 aut
669 1713 769 1795 praua
781 1710 908 1775 ratiost?
929 1709 1062 1775 traditus
1075 1731 1146 1773 sum

600 1805 734 1870 miliari.

262 1898 323 1963 illa
338 1897 411 1964 ilico
429 1898 485 1964 ubi
501 1920 553 1964 me
569 1899 701 1984 accepit,
720 1898 804 1965 laeta
820 1900 897 1965 uiro
915 1897 956 1964 ad
969 1921 1004 1964 se
1016 1898 1146 1964 abducit

601 1992 746 2070 domum3

264 2085 475 2151 Commdndat
499 2086 665 2173 uirginem,
707 2087 771 2152 Αιι.
799 2085 903 2168 Quoi?
929 2086 1046 2152 tibine?
1082 2084 1143 2154 Cu.

599 2180 693 2246 Mihi.
729 2182 790 2247 Αιι.
809 2179 895 2246 Satis
913 2180 980 2245 tutd
997 2181 1122 2245 tamen?

179 2273 238 2339 Gn.
261 2274 367 2339 Edicit
384 2296 424 2339 ne
442 2273 492 2339 uir
508 2275 675 2358 quisquam
694 2273 734 2339 ad
752 2296 823 2340 cam
836 2274 943 2352 adeat,
960 2275 992 2338 et
1009 2274 1086 2339 mihi
1102 2297 1143 2340 ne
1156 2294 1182 2334 sc

517 2397 518 2401 ¹
598 2367 767 2433 abscedam
783 2369 930 2453 imperat3

204 2472 228 2516 :'
261 2461 301 2526 In
326 2461 473 2526 interiore
498 2463 587 2547 parte
613 2473 649 2527 ut
678 2483 823 2526 mancam
854 2461 937 2527 sdlus
966 2482 1039 2527 cum
1065 2462 1141 2527 sola.

599 2555 706 2621 adnuo

160 2670 162 2675 ·
262 2649 395 2714 Terram
411 2651 537 2714 intuens
554 2650 706 2714 moddsie.
741 2650 803 2715 Αιι.
821 2648 932 2714 Miser.
963 2646 1023 2712 Cu.
1042 2648 1141 2735 ‘Ego’

600 2743 704 2828 inquit
720 2742 776 2807 ‘ad
794 2764 905 2808 cenam
922 2742 995 2807 hinc
1012 2743 1074 2809 eo’.

184 2875 187 2884 v
260 2836 400 2902 Abdircit
410 2859 517 2910 secum
528 2839 671 2914 anciilas3
685 2858 815 2923 paucae,
829 2836 1041 2920 quadrimum
1057 2837 1142 2902 illam

571 2933 716 3007 essent,
734 2947 862 2994 manent

263 3025 417 3091 Nouiciae
446 3025 580 3110 puellae.
625 3025 773 3090 continuo
807 3023 886 3090 hade
920 3024 1074 3089 adornant
1108 3027 1143 3090 rit

601 3118 696 3183 lauet

262 3211 423 3278 Adh'drior
452 3223 630 3299 properent
666 3212 742 3277 dum
771 3211 956 3297 adparaiur,
987 3213 1118 3298 uirgo
1109 3237 1142 3277 m
1155 3231 1182 3274 aa

601 3306 744 3371 conclaui
761 3304 848 3369 sedet

262 3399 455 3486 Suspectans
477 3400 619 3465 tabulam
640 3399 801 3484 quandam·
820 3399 950 3484 pictam:
976 3398 1021 3463 ibi
1041 3400 1143 3464 inerat

598 3493 720 3579 pictura
736 3493 824 3570 haec,
843 3493 954 3556 Iouem

262 3585 337 3670 Quo
367 3589 460 3672 pacto
490 3586 624 3653 Danaae
654 3587 776 3652 misisse
805 3586 893 3651 aiunt
918 3584 1076 3669 qudndam
1106 3587 1140 3652 in

600 3682 757 3766 gremium
775 3680 907 3745 imbrem
924 3679 1064 3744 adreum.

263 3774 401 3860 Egomet
417 3795 544 3858 quoque
560 3773 593 3838 id
612 3776 754 3860 spectare
772 3774 872 3858 coepi,
894 3783 926 3838 st
943 3775 1017 3856 quia
1038 3773 1141 3838 consi-

599 3869 705 3934 milem
723 3868 840 3933 luserat

261 3962 331 4030 Iam
348 3960 423 4028 olim
439 3961 493 4029 ills
506 3961 626 4039 ludum,
643 3962 793 4048 inpdndio
809 3960 913 4048 magis
924 3958 1049 4025 inimus
1061 3982 1140 4048 gau·

600 4056 695 4135 debat
712 4054 801 4179 mihi,
786 4094 1039 4192 m
