2618 4462
115 239 260 310 1,411,1
556 240 730 297 Pnoamo
895 230 900 251 ‘
1065 221 1126 288 159

251 360 338 444 Quid
352 362 378 426 si
392 361 564 428 adsimulo?
577 363 725 430 satinest?
751 361 814 429 Gn.
830 361 950 429 Garris.
979 362 1040 427 An.
1049 360 1127 427 le-
1142 363 1195 419 210

586 468 654 522 tum
672 456 938 543 contempldmini:
957 478 1018 532 em,

251 547 360 616 Satine
373 551 418 616 sio
431 552 497 617 est?
515 548 576 618 Gn.
586 551 668 617 Ndn.
685 553 747 616 ΑΗ.
758 550 845 634 Quid
855 552 881 615 si
891 551 954 616 sie?
972 547 1034 615 Gn.
1048 548 1126 614 Prd-

584 645 762 732 pemodum.
791 647 853 710 An.
872 641 959 726 Quid
973 645 1035 708 sio?
1062 640 1124 708 Gn.

587 738 646 806 Sat
663 750 725 805 est:

248 815 320 909 dm,
347 832 427 899 istue
450 855 556 912 serua3
584 845 615 899 et
636 833 771 899 uerbum
792 832 900 910 uerbo,
922 832 980 918 par
1000 831 1068 918 pari
1089 840 1125 894 ut

582 927 782 1014 respdndeas,

126 1037 152 1078 ³⁵
248 1020 298 1085 Ne
324 1032 355 1086 te
376 1021 475 1088 iratus
497 1023 561 1088 suis
584 1021 750 1089 saeuidisis
772 1021 862 1087 dictis
884 1021 1026 1107 protelet.
1061 1019 1123 1084 ΑΗ.

586 1114 671 1182 Scio.

165 1203 224 1273 Gn.
246 1208 290 1274 Vi
311 1218 454 1274 conatum
471 1220 503 1274 te
519 1209 589 1275 dsse
606 1210 749 1275 inuitum.
788 1209 848 1274 ΡΗ.
875 1208 976 1295 Ldge,
997 1207 1121 1273 iudisid.

582 1301 644 1371 Gn.
671 1303 795 1370 Tenes?

248 1393 314 1460 de
339 1395 409 1478 quis
436 1395 487 1462 hie
514 1407 562 1463 est
587 1399 695 1476 sendx,
720 1419 814 1482 quam
839 1396 933 1462 uideo
959 1396 992 1461 in
1012 1395 1123 1461 idtima
1139 1398 1190 1454 215

582 1492 705 1578 platea?
721 1493 809 1578 ipsus
827 1502 884 1558 est.

161 1581 222 1647 An.
244 1582 317 1648 Non
344 1584 473 1669 pdssum
498 1584 616 1650 adesse.
660 1583 722 1651 Gn.
748 1584 818 1662 Ah,
844 1584 920 1669 quid
947 1583 1033 1670 agis?
1059 1604 1121 1668 quo

581 1679 660 1757 abis,
677 1659 839 1765 Antipho?

245 1768 344 1836 Mane
356 1772 495 1856 inquam.
523 1773 585 1837 Aa.
604 1771 740 1859 Egomet
757 1794 808 1838 me
825 1771 901 1838 ndui
914 1783 945 1838 et
957 1772 1122 1859 peccataim

580 1833 775 1952 maumz'ai

121 1975 148 2017 ⁴⁰
245 1959 345 2026 Vobis
363 1961 548 2026 commendo
564 1955 773 2027 Phanium'et
789 1961 888 2026 uitam
906 1982 1018 2026 meam.
1037 1966 1079 2007 ’-

159 2052 220 2118 ΡΗ.
244 2051 338 2132 Geta,
356 2054 433 2138 quid
449 2077 534 2120 nunc
550 2055 623 2121 fiet?
658 2053 720 2122 Gn.
747 2055 800 2120 Tn
816 2056 879 2120 iam
897 2054 959 2121 litis
976 2055 1018 2120 ad
1051 2077 1098 2131 es;

243 2146 316 2233 Ego
332 2147 452 2233 plectar
468 2149 619 2235 pendens,
635 2149 697 2216 nisi
713 2148 790 2232 quid
807 2172 858 2215 me
875 2148 1030 2214 fefellerit.
1136 2152 1189 2207 220

245 2240 310 2307 Sed
331 2242 417 2325 qudd
438 2243 532 2308 modo
553 2243 605 2309 hie
622 2265 680 2309 nos
696 2224 915 2330 Antiphonem
932 2242 1119 2317 mdnuimus,

242 2335 282 2398 Id
298 2335 419 2400 ndsmet
436 2336 520 2422 ipsos
538 2337 644 2402 fdcera
663 2348 795 2423 oportet,
811 2336 979 2402 Phaedria.

119 2445 146 2486 tn
157 2428 217 2493 ΡΗ.
239 2429 343 2493 Aufdr
359 2429 402 2493 mi
421 2431 585 2515 ‘oportet’z
612 2432 689 2515 quin
711 2441 746 2495 tu
764 2431 840 2514 quid
856 2430 972 2495 faciam
988 2431 1118 2515 Mpera.
1179 2487 1182 2519 :

160 2520 220 2588 Gn.
242 2522 450 2598 Meministin,
468 2525 544 2589 olim
560 2535 597 2589 ut
614 2525 708 2589 fdarit
724 2535 832 2588 uostra
849 2524 948 2589 oratio

241 2615 280 2681 In
298 2639 331 2682 re
347 2616 530 2703 incipiunda
546 2618 589 2683 ad
605 2618 835 2684 defendendam
852 2618 987 2695 ndxiam,
1135 2628 1187 2684 225

241 2711 363 2775 Iustam
382 2713 467 2776 illam
491 2734 633 2790 causam,
655 2712 794 2790 facilem,
816 2712 1006 2790 uineihilem,
1027 2712 1119 2799 dptu·

578 2808 682 2871 mam?

155 2899 215 2964 ΡΗ.
236 2898 379 2963 Memini.
424 2897 486 2965 Gn.
513 2883 586 2977 Em,
608 2923 692 2966 nuno
713 2901 811 2986 ipsast
832 2902 922 2986 tipus,
945 2923 983 2968 aa
1004 2911 1069 2979 aut,
1091 2900 1118 2966 si

577 2994 653 3078 quid
670 3005 783 3079 potest,

117 3103 143 3146 so
239 3084 374 3151 Melidre
392 3097 423 3151 at
441 3086 610 3152 callididre.
643 3088 704 3152 ΡΗ.
730 3087 802 3152 Fiet
820 3087 938 3152 sedulo.

157 3179 218 3247 Gn.
240 3179 334 3245 Nune
350 3183 435 3267 prior
452 3181 537 3246 adito
555 3192 601 3259 tu,
618 3182 678 3268 dgo
696 3181 730 3245 in
747 3181 866 3246 insidiis
885 3181 935 3246 hia
953 3201 1006 3246 ero

239 3271 512 3353 Subcdnturiatus,
529 3277 557 3340 si
573 3274 650 3360 quid
667 3274 802 3340 deficias.
836 3275 896 3340 ΡΗ.
923 3274 1006 3361 Age.
1134 3277 1186 3331 230

295 3458 499 3528 Dnnlnno
562 3463 786 3529 Pnsnnain
851 3461 967 3528 Gnnn

358 3568 453 3612 sannx
582 3570 773 3614 snvnnscnns
852 3569 964 3614 saevos

103 3650 219 3720 11‚1Dn.
238 3630 328 3715 itane
346 3650 472 3715 tandem
490 3651 619 3717 uxdrem
637 3651 727 3716 duxit
737 3631 881 3736 Antipho
893 3650 1014 3714 iniussd
1025 3652 1115 3714 meo?

238 3744 307 3810 Neo
331 3766 437 3810 meum
463 3744 643 3831 imperium,
670 3767 708 3811 ao
733 3747 822 3809 mitto
847 3744 1028 3830 imperium,
1052 3744 1115 3808 ndn

576 3839 765 3904 simultatem
783 3862 886 3904 meam

237 3930 390 3997 Reuerdri
412 3931 537 3998 saltem!
564 3932 626 3997 ndn
651 3931 783 4017 pudere!
811 3953 830 3996 o
851 3931 974 3996 facinus
999 3931 1114 4009 audax,

575 4026 594 4090 ό
612 4022 697 4092 Geta
