2618 4462
188 233 250 300 112
566 245 772 306 Evuvoflvs
903 258 909 273 ·
1093 247 1135 319 11,
1144 248 1199 305 28

184 370 246 435 Pr.
268 368 334 453 Qui
352 368 447 435 dimi
489 367 551 437 (ἂι.
582 368 668 453 Quia
684 370 803 436 tristi’s.
843 368 905 437 Pr.
934 369 989 435 Nil
1010 366 1162 455 quidem.>

607 463 670 532 Gr.
692 465 742 530 Ne
760 466 817 542 sis3
836 464 891 529 sed
908 463 986 548 quid
1002 463 1129 529 uidetur

269 559 342 623 Hor
363 556 422 623 tibi
441 557 663 644 mancupium?
705 558 765 623 Pr.
795 557 869 624 Non
890 558 1009 623 malum
1032 556 1147 623 hercle.

609 651 743 719 GruVro
753 650 920 718 hominem.
935 650 1149 719 PA.thalsus

605 745 752 811 animist..

116 845 168 900 275
186 836 248 905 Gr.
271 836 378 920 Quam
399 838 460 904 hoe
481 839 596 904 mimus
613 849 740 924 gratum
756 837 872 903 Thaidi
889 836 1041 904 arbitriire
1059 838 1149 904 ossei

604 932 665 999 Pi.
687 934 862 1000 Hoonuno
879 932 956 999 diois

267 1026 396 1092 Eiectos
419 1026 492 1093 hino
513 1050 585 1094 nos:
612 1026 753 1093 omnium
774 1049 889 1105 rerum,
912 1026 1001 1105 heris,
1023 1025 1186 1092 uioissi-ts

604 1120 721 1187 tiuiost.

184 1213 246 1282 Gu.
269 1214 335 1282 Sex
352 1216 413 1300 igo
429 1229 461 1282 te
478 1225 572 1294 totos,
594 1215 762 1293 Firmano,
784 1215 843 1282 hos
864 1217 980 1283 mensis
1003 1214 1146 1300 quietum

604 1309 745 1386 roddam‚
832 1337 833 1341 ¹

266 1402 316 1468 Ne
333 1402 457 1468 stirsum
475 1402 622 1468 deorsum
636 1402 766 1470 cursitas
778 1425 862 1470 neue
875 1403 975 1489 nsque
988 1401 1029 1470 ad
1041 1403 1146 1469 lueem

602 1519 623 1561 u
681 1519 726 1562 os.

265 1588 391 1674 Ecquid
409 1590 467 1656 beo
485 1591 536 1657 tei
565 1497 742 1656 Pnfflini
759 1613 870 1677 papae.
904 1588 967 1654 Gn.
986 1589 1041 1657 Sio
1059 1590 1145 1656 soleo

603 1683 730 1750 amieos.
773 1683 834 1749 ΡΑ.
859 1684 984 1748 Laudo.

113 1784 165 1839 280
182 1776 244 1842 Gn.
266 1777 404 1843 Detineo
422 1786 468 1843 te:
486 1776 620 1843 fortasse
638 1790 673 1843 tn
690 1777 850 1864 proiectus
868 1777 929 1842 alio
947 1778 1062 1843 fueras.

180 1871 240 1938 Pa,
262 1872 440 1956 Nusquam.
485 1869 547 1939 Gr.
574 1872 659 1936 Tum
677 1884 712 1938 tu
733 1872 831 1959 igitur
851 1872 1016 1958 patilulum
1037 1872 1079 1937 da
1099 1870 1183 1936 mito

602 1968 731 2052 operae:
753 1965 805 2032 fao
821 1976 857 2030 ut
874 1965 1021 2031 admittar

264 2059 320 2125 Ad
345 2058 442 2124 illam.
484 2058 544 2126 Pa,
571 2039 646 2146 Age
667 2058 805 2138 modo,
795 2083 821 2125 ιι
847 2083 932 2126 nune
956 2059 1013 2124 tibi
1034 2069 1161 2146 patent

600 2153 686 2219 fores
703 2153 790 2232 hado,
808 2154 883 2237 quia
899 2153 992 2219 istam
1010 2153 1108 2220 diois

181 2244 242 2312 Gu.
264 2245 351 2311 Num
377 2267 473 2330 quem
498 2247 625 2312 euocari
651 2246 726 2315 hino
750 2249 799 2312 uis
825 2246 930 2313 foras?
976 2246 1038 2313 ΡΑ.
1065 2246 1142 2314 Sine

601 2342 731 2409 biduom
747 2343 808 2410 hoo
824 2345 1014 2430 praetereat:

264 2435 330 2519 Qui
343 2435 420 2501 mihi
432 2458 518 2503 nuno
529 2459 593 2502 uno
608 2438 740 2522 digitulo
749 2438 832 2503 fores
841 2439 944 2523 aperis
953 2437 1141 2516 fortunatus,

111 2543 163 2599 285
263 2531 313 2595 Ne
331 2541 366 2596 tu
383 2532 460 2596 istas
472 2530 548 2596 faxo
566 2533 705 2598 oiloibus
723 2555 818 2618 saepe
834 2533 1000 2597 insultabis
1015 2532 1141 2598 frustra

180 2621 242 2690 Gn.
265 2625 372 2690 Euam
395 2647 482 2692 nuno
506 2637 542 2692 tu
566 2625 619 2692 hio
645 2637 720 2704 stas,
746 2625 925 2691 Parmfflo?
948 2623 1062 2713 [eho]
1063 2650 1141 2692 num
1154 2642 1180 2685 ιι

599 2743 674 2784 nam
692 2720 742 2785 hio
759 2719 879 2785 reliot’
835 2730 896 2784 tus
914 2719 1029 2796 eustos,

262 2810 313 2876 Ne
329 2813 401 2896 quis
417 2813 498 2878 forte
515 2811 725 2879 internuntius
740 2814 821 2880 olam
837 2837 858 2878 a
874 2812 972 2878 milite
989 2813 1057 2880 ad
1048 2825 1162 2880 rstam

601 2908 723 2974 oirrset?

178 2999 237 3065 Ρι.
258 2999 376 3065 Facete
393 2998 527 3065 dietum:
544 3003 624 3066 mira
641 3024 717 3066 uero
734 3000 825 3066 militi
837 3022 920 3085 quae
933 3001 1142 3087 placeant.-

263 3092 329 3160 Sed
346 3093 440 3159 uideo
458 3094 564 3160 erilem
582 3095 686 3160 tilium
703 3095 856 3160 minorem
873 3095 936 3161 hue
953 3095 1113 3162 aduenire.

109 3193 161 3249 290
262 3187 379 3266 Miror,
406 3187 483 3272 quid
509 3211 549 3254 ex
573 3188 688 3255 Piraeo
714 3188 840 3267 ibierit3
865 3212 939 3255 nam
964 3188 1010 3254 ibi
1035 3190 1140 3256 mistos

598 3283 724 3369 publice
741 3284 789 3348 est
805 3304 899 3349 nuno.

261 3375 335 3441 Non
359 3377 519 3454 temerest3
546 3387 576 3442 et
602 3379 774 3463 properans
800 3377 901 3443 uenit:
931 3378 1037 3444 neseio
1063 3378 1179 3463 quidoo

600 3472 847 3556 oiroumspeotat.

414 3665 614 3731 Cunnnna
699 3667 901 3734 Panunuo

418 3775 609 3818 snvnnsonns
744 3774 857 3819 suavos

178 3847 237 3914 CH.
262 3824 390 3912 Occisa
1136 3865 1189 3918 na

260 3943 371 4028 Neque
385 3941 506 4027 uirgost
519 3960 654 4023 usquam
666 3940 769 4023 neque
783 3960 853 4025 ego,
866 3937 922 4022 qui
934 3938 1019 4022 illam
1034 3940 1136 4006 aeon·

597 4044 707 4122 speetu
725 4032 815 4098 amisi
830 4053 911 4098 meo.
