2618 4462
181 242 245 311 200
584 256 739 315 usuum
1141 265 1199 335 aa

181 380 236 448 Sr.
264 379 361 448 Salud
387 393 555 459 mecastor,
581 382 748 543 Psarmeno.
800 384 859 449 ΡΑ.
887 383 930 450 Et
958 395 993 450 tu
1020 385 1143 472 edepdl,

626 499 693 563 yra.

262 569 326 634 Dic
342 569 396 646 mi,
413 569 479 645 irbi,
496 569 641 648 Philotis,
658 581 690 636 te
708 570 871 637 oblectasti
889 574 953 636 tam
971 573 1045 636 diu?

128 676 162 730 85
178 664 237 729 ΡΗ.
259 663 406 728 Minumc
423 662 570 747 equidem
587 686 638 729 me
656 663 822 742 oblectauh
841 685 922 748 quae
939 688 1012 731 cnm
1029 667 1128 733 milite
1155 686 1183 727 ro

263 753 451 821 Corinthum
467 755 541 821 hinc
559 778 629 821 sum
646 757 787 842 proidcta
802 757 1088 825 inhumanissumo:

263 849 430 914 Biennium
447 848 493 913 ibi
509 851 693 934 perpetuom
711 850 824 915 misera
841 850 930 916 iilirm
949 852 1017 918 tuli.

177 943 236 1008 ΡΗ.
259 943 384 1029 Edepol
400 953 431 1008 te
449 942 638 1008 desiderium
654 943 853 1010 Athenarum
871 946 1014 1024 arbitror,

262 1036 444 1115 Philotium,
462 1038 582 1121 cepisse
600 1058 694 1122 saepe
711 1048 743 1104 et
759 1038 790 1102 tc
808 1050 896 1103 tuom

127 1135 161 1188 90
263 1129 437 1195 Consilium
455 1131 689 1216 contempsisse.
730 1130 790 1196 ΡΗ.
807 1131 881 1197 Non
899 1133 960 1197 dici
976 1141 1090 1218 potest,
1153 1146 1180 1189 1⁶

260 1222 368 1305 Quam
398 1222 512 1309 cirpida
542 1245 628 1289 eram
659 1222 721 1288 huc
750 1224 917 1303 redeundi,
952 1224 1089 1291 abeundi
1120 1246 1141 1288 a

599 1316 698 1381 milite

261 1411 391 1493 Vosque
409 1409 460 1474 hic
477 1408 615 1485 uidendi,
633 1411 763 1494 antiqua
780 1419 815 1474 ut
832 1409 1058 1476 consuetudine

260 1503 426 1591 Agitarem
442 1504 523 1568 inter
541 1525 598 1568 uos
616 1504 714 1569 libere
732 1502 922 1569 conuiuium.

260 1597 293 1662 N
294 1621 344 1661 am
361 1597 407 1663 illi
424 1596 510 1661 haird
526 1597 640 1663 licebat
656 1597 716 1662 nisi
734 1597 896 1683 praefinito
911 1597 998 1683 loqui

125 1696 159 1749 05
262 1690 353 1770 Quae
370 1691 416 1756 illi
436 1691 604 1777 placerent.
646 1690 823 1756 Ps.Hai1d
844 1691 954 1778 opinor
975 1689 1179 1768 commodem

260 1785 374 1850 Findm
392 1785 538 1850 statuisse
555 1784 686 1850 orationi
703 1785 844 1851 militem.

175 1879 234 1943 ΡΗ.
258 1877 324 1944 Sed
341 1879 417 1963 quid
435 1877 494 1943 hoc
512 1878 659 1963 negotist,
677 1878 771 1943 mddo
788 1878 874 1963 quod
890 1879 1031 1943 narrauit
1047 1876 1125 1941 mihi

214 2001 216 2005 ³
259 1973 323 2037 Hic
339 1974 424 2037 intus
442 1971 594 2036 Bacchis?
616 1972 700 2055 quod
718 1994 777 2057 ego
794 1994 968 2057 numquam
986 1970 1104 2036 credidi

261 2067 354 2144 Fore,
373 2076 408 2130 ut
425 2065 476 2130 ille
494 2066 554 2129 hac
571 2066 646 2129 uiua
662 2067 766 2150 pdsset
784 2066 924 2131 animum
939 2066 1088 2131 indiscere

110 2165 158 2217 100
259 2160 397 2226 derem
420 2158 546 2225 habere.
588 2158 648 2224 Pr.
670 2159 799 2224 Habere
822 2159 946 2225 autem?
983 2160 1043 2224 ΡΗ.
1066 2158 1138 2223 Eho
1152 2175 1178 2217 as

595 2262 640 2328 tu,
658 2276 699 2318 an
716 2254 777 2318 ndn
796 2253 910 2319 habet?

175 2348 234 2412 ΡΗ.
261 2347 379 2424 Habet,
397 2345 453 2411 sed
470 2346 579 2412 firmae
596 2345 675 2412 haec
692 2349 804 2412 uereor
822 2360 857 2412 ut
874 2347 935 2411 sint
952 2346 1090 2431 nuptiae.

157 2474 159 2479 ⁴
176 2441 235 2505 ΡΗ.
257 2442 309 2505 lta
326 2441 359 2505 di
376 2440 515 2524 deaeque
533 2439 644 2517 faxint,
663 2439 689 2504 si
705 2439 739 2505 in
756 2463 822 2505 rem
840 2455 887 2506 est
904 2439 1081 2504 Bacchidis.

260 2533 326 2601 Sed
351 2536 406 2617 qui
430 2534 512 2599 istuc
537 2533 663 2599 credam
688 2533 734 2599 ita
759 2535 838 2613 csse,
869 2533 920 2599 dic
945 2533 1032 2611 mihi,
1057 2533 1138 2597 Par·

596 2647 698 2693 meno.

176 2721 235 2786 ΡΑ.
261 2721 335 2786 Non
352 2721 399 2786 est
417 2743 496 2807 opus
513 2721 649 2805 prolato:
667 2721 727 2787 hoc
744 2720 955 2807 percontarier

109 2819 158 2873 105
258 2815 395 2880 Desiste.
446 2815 507 2880 ΡΗ.
533 2814 657 2901 Nempe
683 2838 721 2881 ea
747 2815 856 2894 carisa,
886 2826 922 2881 ut
952 2838 993 2882 ne
1022 2815 1057 2880 id
1081 2815 1136 2881 fiat
1150 2835 1177 2876 ao

596 2909 720 2994 palam?

257 3004 308 3068 Ita
325 3003 375 3068 md
393 3002 426 3067 di
443 3002 604 3080 amabunt,
622 3002 707 3067 haird
724 3013 888 3089 propterea
905 3005 936 3069 te
954 3026 1042 3090 rogo,

257 3097 302 3163 Vt
319 3096 378 3161 hoc
395 3096 563 3181 proferam,
586 3096 642 3161 sed
658 3109 694 3161 ut
711 3097 806 3161 tacita
823 3120 946 3162 mecum
968 3097 1134 3183 gaudeam.

173 3192 231 3255 ΡΑ.
258 3191 440 3274 Numquam
458 3202 522 3253 tam
540 3189 625 3254 dicas
643 3190 813 3267 cdmmode,
834 3202 870 3256 ut
887 3193 1010 3277 tergdm
1028 3213 1134 3256 meum

257 3285 360 3348 'luam
381 3285 414 3348 in
434 3283 529 3348 fidem
552 3285 753 3349 committam.
796 3284 855 3349 ΡΗ.
878 3285 933 3349 Ah
955 3285 1029 3361 noli,
1054 3284 1135 3349 Par·

595 3400 702 3442 mano:

109 3484 156 3537 110
258 3469 357 3553 Quasi
374 3471 410 3536 tiu
426 3492 490 3535 non
507 3473 605 3536 multo
624 3471 713 3536 malis
732 3494 856 3537 narrare
874 3472 934 3536 hdc
952 3471 1027 3536 mihi
1147 3493 1176 3534 as

257 3563 363 3647 Quam
381 3586 441 3650 ego
458 3567 539 3648 quae
557 3577 723 3651 percontor
743 3568 830 3631 scire.
873 3565 933 3631 ΡΑ.
952 3568 1038 3633 Vera
1055 3565 1133 3631 hacc

592 3659 762 3745 praedicat,

134 3783 137 3789 ,
255 3751 299 3816 Et
316 3752 393 3816 illird
411 3751 487 3817 mihi
504 3752 644 3817 uitiumst
662 3756 854 3818 maxumum.
890 3752 918 3818 si
935 3753 1011 3818 mihi
1028 3753 1124 3817 fidem

256 3845 324 3910 Das
342 3848 372 3911 te
390 3845 564 3923 tacituram,
583 3846 695 3911 dicam.
721 3847 781 3931 Pu.
796 3847 850 3911 Ad
862 3847 1023 3933 ingenium
1038 3848 1131 3913 redis.

255 3939 367 4004 Fidem
394 3940 449 4004 do:
480 3940 618 4023 loquere.
665 3940 724 4005 ΡΗ.
751 3940 917 4005 Ausculta.
969 3941 1028 4004 ΡΗ.
1056 3940 1132 4006 Istic

590 4055 670 4099 sum.
703 4034 762 4099 Pr.
781 4036 875 4099 Hanc
893 4034 1084 4099 Bacchidem
