2618 4462
102 262 191 345 t,1l'
397 274 585 333 ausuros
601 253 880 331 rruoavu'uuos
1078 241 1121 324 t'u'

238 397 312 485 Ego
330 384 412 464 istuc
430 397 542 463 aetatis
559 399 623 463 nen
642 396 741 462 amori
758 400 888 484 operem
906 381 1032 474 dabam,
1139 399 1190 454 110

193 534 196 539 -
242 492 309 559 Sed
342 493 376 557 in
410 473 524 558 daiam
563 492 638 557 hino
678 490 742 556 abii
775 492 905 578 prepter
937 489 1122 578 pauperiem

577 588 672 671 etque
689 585 735 650 ibi

105 690 115 695 '‘
240 679 344 746 Simul
361 703 428 747 rem
446 691 479 747 et
496 680 632 767 gloriam
649 679 745 745 ermis
763 678 839 746 belli
855 679 999 766 repperi?

238 775 407 840 Postremo
424 773 504 841 adeo
521 796 573 840 res
589 774 696 839 rediit:
714 773 969 839 adulescentulus

205 908 209 915 .
241 868 346 955 Saepe
363 868 477 935 eadem
494 879 525 934 et
542 868 683 955 grauiter
700 867 858 934 addiendo
874 870 979 951 nictus
997 877 1059 945 eet3
1154 949 1157 957 Ι

240 964 356 1029 Aetete
372 985 424 1029 me
441 963 563 1049 puteuit
582 974 614 1029 et
631 962 785 1048 sapientia
1034 1039 1035 1045 ἵ
1141 961 1192 1019 115

238 1057 320 1122 Plus
337 1060 417 1123 scire
440 1068 472 1123 et
488 1057 656 1145 prouidere
673 1079 769 1142 quam
787 1079 821 1122 se
837 1057 941 1142 ipsulm
960 1056 1036 1121 sibit

118 1168 145 1210 cs
244 1151 283 1215 ln
299 1132 412 1218 Asiam
432 1152 473 1216 ad
490 1174 599 1237 regem
615 1152 784 1216 militatum
802 1151 889 1227 abiit,
905 1149 1070 1235 Chremes.

110 1248 112 1250 ’
157 1243 215 1309 Cn.
238 1245 328 1327 Quid
336 1242 403 1311 ais?
422 1244 592 1311 Muciam
601 1268 652 1311 me
660 1245 822 1331 profectus
831 1245 1014 1310 mensistrls
1023 1245 1122 1310 abest.

156 1337 216 1404 011.
240 1339 348 1405 Ambo
365 1340 536 1406 accusandi
541 1365 551 1417 ;
569 1340 628 1406 etsi
638 1339 724 1424 ⁴illud
739 1339 900 1426 inceptum
916 1350 1023 1419 tamen

185 1472 188 1477 ·
241 1433 383 1499 Animlst
400 1433 549 1520 pudentis
567 1436 694 1520 signum
711 1443 742 1499 et
760 1455 826 1498 non
842 1433 1005 1516 instrenui.
1142 1443 1193 1498 120

156 1526 223 1591 Ma.
242 1527 308 1594 Vbi
323 1529 464 1614 cemperi
483 1551 522 1594 ex
540 1527 596 1605 eis,
614 1529 669 1612 qul
686 1527 775 1593 fuere
793 1527 823 1594 ei
840 1526 967 1606 censoii,

119 1639 144 1679 ⁷⁰
242 1621 386 1686 Domum
401 1634 544 1687 reuortor
560 1623 699 1687 maestus
717 1632 812 1706 atque
830 1619 935 1686 anime
953 1622 1020 1687 fere

241 1714 434 1781 Pertirrbato
453 1729 548 1799 atque
565 1716 683 1780 incerto
700 1737 777 1803 prae
795 1714 1001 1801 aegritddine.
1026 1749 1028 1754 ·

241 1808 380 1875 Adsldo:
400 1808 572 1888 adcurrunt
589 1809 683 1888 serui,
702 1831 810 1875 soccos
828 1809 995 1893 detrahunt
1001 1833 1011 1886 ;

137 1906 140 1910 ⁴
241 1902 347 1992 Video
363 1903 442 1969 elios
459 1904 609 1969 festinere
626 1904 725 1968 lectos
743 1904 893 1980 sternere,
950 1959 952 1963 .
1003 1910 1005 1914 ’
1144 1905 1195 1962 125

244 1995 366 2063 (lenam
382 1998 551 2083 edparare:
568 1999 626 2083 pre
644 2020 679 2062 se
696 1997 830 2081 quisque
846 1997 957 2062 sedulo

241 2091 271 2158 F
272 2091 427 2170 aciebant,
445 2113 508 2176 quo
526 2092 612 2156 illam
629 2091 707 2155 mihi
725 2092 859 2174 lenirent
874 2090 1042 2173 miseriam.

242 2185 308 2251 Vbi
325 2184 430 2262 uideo,
449 2186 528 2251 haec
546 2185 637 2271 coepi
654 2184 793 2270 odgitare
811 2185 909 2264 (hem,
924 2186 973 2250 tet
989 2206 1060 2249 mea

245 2277 351 2343 Solius
369 2278 494 2345 solliciti
512 2282 575 2343 slat
592 2300 698 2355 causa,
721 2290 757 2343 ut
778 2301 829 2343 me
846 2284 946 2343 unum
962 2277 1128 2364 expleant?

244 2373 392 2438 Ancillae
411 2385 457 2437 tot
474 2395 526 2438 me
544 2372 699 2439 uestiantl
716 2372 860 2459 sumptus
878 2371 963 2436 domi
1146 2376 1197 2430 130

243 2465 365 2531 Tantes
383 2488 444 2552 ego
463 2466 549 2532 solus
567 2466 703 2530 seciam?
720 2466 778 2530 sed
796 2469 928 2550 gnatum
945 2465 1085 2543 unicum,

116 2589 118 2592 ·
244 2558 350 2640 Quem
369 2560 486 2645 pariter
502 2560 550 2624 uti
567 2559 616 2624 his
634 2559 741 2624 decuit
758 2571 813 2624 aut
832 2559 927 2624 etiam
944 2559 1090 2644 emplius,

246 2652 344 2735 Quod
361 2653 416 2718 illa
433 2655 520 2718 aetas
536 2653 639 2740 magis
657 2652 794 2718 adhaec
810 2653 929 2718 utenda
945 2653 1099 2730 ideneast,

244 2749 330 2811 Eum
349 2769 409 2832 ego
428 2746 502 2815 hino
518 2747 597 2812 eieci
613 2749 763 2812 miserum
779 2745 933 2812 iniustitia
948 2746 1034 2812 mea!

235 2840 334 2906 Male
352 2841 550 2925 quidemme
567 2840 681 2925 queuis
699 2840 832 2926 dignum
850 2840 1010 2927 deputem,
1147 2856 1197 2910 135

247 2933 285 2999 Si
296 2934 331 2998 id
343 2934 467 3000 seciam.
494 2957 568 2999 nam
581 2955 683 3020 usque
693 2934 769 3000 dum
778 2935 830 3000 llle
839 2935 940 2999 uitam
948 2935 1035 3000 illem
1046 2935 1129 3001 oolet
1187 2972 1188 2976 =

246 3029 389 3114 Inopem,
409 3051 518 3095 carens
536 3028 638 3113 patria
655 3028 698 3094 db
714 3033 804 3094 meas
820 3027 962 3105 iniurias,

246 3123 373 3189 Interea
391 3144 492 3207 usque
509 3122 555 3187 illi
573 3123 681 3187 deme
699 3121 887 3207 supplicium
905 3122 989 3187 dabo

247 3216 424 3294 Laberans,
443 3238 586 3301 parcens,
604 3218 774 3300 quaerens.
787 3216 833 3281 illi
850 3216 1009 3282 seruiens?

246 3311 297 3376 Ita
314 3310 396 3376 secio
415 3332 560 3396 prorsus:
577 3311 622 3375 nil
638 3311 783 3394 relinquo
800 3309 834 3375 in
850 3311 993 3389 aedibus,
1147 3317 1198 3372 140

246 3404 315 3469 Nec
333 3407 391 3469 ues
410 3425 469 3469 nec
485 3404 724 3469 uestimentum:
743 3403 867 3469 conrasi
884 3404 997 3469 emnia.

248 3499 402 3574 Ancillas,
421 3519 540 3574 seruos,
557 3498 618 3562 nisi
635 3519 689 3563 eos
707 3498 762 3581 qui
779 3520 873 3582 opere
890 3499 1007 3563 rustico

247 3591 410 3656 Facidndo
428 3591 521 3656 facile
539 3593 698 3676 sumptum
716 3586 892 3657 exercirent
909 3615 1010 3669 suom,

249 3682 365 3751 Omnis
383 3685 518 3771 produxi
536 3708 573 3750 ao
590 3684 727 3751 uendidi.
761 3685 906 3772 inscripsi
922 3688 994 3762 flico
1099 3761 1101 3768 .

135 3781 138 3791 '
249 3779 350 3845 Aedis
367 3779 522 3846 mercede.
546 3779 636 3864 quesi
652 3779 771 3846 talenta
788 3779 829 3845 ad
846 3780 1038 3864 quindecim·
1149 3795 1198 3849 145

251 3871 368 3958 Coegit
383 3895 495 3960 agrum
505 3873 589 3938 huno
598 3876 754 3938 mercatus
763 3895 848 3955 sum:
862 3873 914 3940 hic
925 3897 977 3952 me
990 3876 1130 3941 exerceo.

250 3965 389 4031 Decreui
406 3967 559 4053 tantisper
573 3990 625 4030 me
642 3967 746 4031 minus
762 3966 905 4044 inidriae,

252 4058 415 4140 Chremes,
433 4083 504 4126 meo
521 4072 618 4148 gnato
635 4061 750 4139 lacere,
768 4060 845 4125 dum
862 4061 937 4127 fiem
953 4063 1061 4140 miser3
