2618 4462
106 278 171 350 V,8
549 277 724 337 PHORMIO
1060 261 1121 329 189

156 400 217 465 Ρ5.
239 400 292 467 Ι)5
313 401 424 468 eadem
449 400 510 467 heo
535 402 667 469 fortasse
693 403 808 468 caiisa?
846 400 909 466 Da.
931 400 982 466 Ita
1006 398 1121 465 hercle.

578 495 638 560 Prr.
658 494 801 561 Credidi:

243 587 331 670 Quid
355 588 398 653 td
423 612 474 656 me
500 588 612 655 ibatis?
654 588 718 655 Du.
741 589 932 655 Ridiculum.
981 587 1041 652 ΡΗ.
1068 587 1123 650 Α5

578 683 733 750 rebemini

241 778 297 842 Me
313 778 377 842 utin
394 777 428 842 id
444 778 555 855 facere,
573 778 658 862 qued
675 778 864 865 recepissem
881 776 997 842 semel?

121 888 147 929 ιο
242 875 346 949 Heus,
376 873 495 969 qunta
519 883 638 956 quanta
666 870 746 938 haec
770 872 842 937 mea
866 879 1034 956 paupertas
1064 867 1122 944 est,

571 978 686 1032 >tamen

244 1057 362 1124 Adht'rc
375 1058 484 1124 curaui
496 1082 596 1125 unum
609 1059 670 1126 hec
682 1058 821 1144 quidem,
835 1069 871 1122 ut
882 1056 926 1122 mi
939 1057 1023 1123 esset
1035 1055 1122 1121 fides.
1141 1062 1192 1118 905

121 1171 147 1210 5
245 1152 347 1235 quue
364 1145 444 1218 edeo
461 1154 555 1218 uenio
572 1153 762 1232 nuntiatum,
779 1151 951 1238 Demipho,

244 1244 397 1310 Paretum
413 1269 464 1311 me
482 1269 564 1312 esse:
582 1246 638 1311 ubi
656 1247 760 1325 celtis,
776 1247 909 1310 uxorem
927 1245 1009 1310 date.

124 1355 149 1396 15
244 1337 327 1403 Nam
346 1340 447 1404 omnis
465 1338 633 1425 posthabui
651 1339 728 1404 mihi
745 1361 806 1418 res,
824 1339 869 1404 ita
885 1336 933 1403 uti
949 1340 1008 1423 per
1024 1336 1095 1413 fuit,

245 1432 419 1517 Postquam
444 1434 477 1497 id
499 1444 586 1499 tanto
608 1449 703 1520 opere
724 1434 780 1499 uds
804 1433 886 1500 uelle
908 1432 1048 1497 animum
1069 1429 1126 1494 ad·

580 1528 747 1593 uerteram.

162 1619 224 1685 Da.
246 1622 293 1684 At
309 1620 360 1686 hic
377 1620 559 1687 dehortatus
576 1623 624 1687 est
641 1645 702 1699 me,
720 1645 761 1688 ne
777 1622 864 1687 iliam
880 1620 938 1686 tibi
956 1620 1078 1685 darem:
1142 1624 1194 1679 910

246 1715 344 1779 ‘Nam
357 1717 412 1799 qui
425 1716 484 1779 erit
496 1737 603 1780 rumor
616 1717 722 1802 pepuli
728 1716 747 1794 ’,
767 1715 878 1799 inquit,
897 1715 937 1780 ‘si
950 1714 984 1779 id
996 1711 1126 1778 feceris?

249 1806 337 1873 Olim
356 1830 451 1891 quom
469 1809 599 1875 honeste
617 1810 727 1895 petuit,
745 1824 812 1876 tum
830 1831 893 1874 non
911 1811 959 1874 est
976 1808 1064 1872 data:

123 1921 150 1960 ao
245 1902 340 1966 Nunc
349 1903 478 1966 uiduam
487 1903 610 1968 extrudi
619 1904 762 1990 thrpest'.
781 1904 880 1969 ferme
890 1903 1000 1969 eadem
1009 1900 1126 1979 emnia,

247 1996 338 2077 Quae
356 1997 421 2062 trite
439 1996 559 2062 dudum
577 1998 682 2063 odram
698 2021 750 2064 me
767 1999 979 2064 incuseueras.

163 2091 222 2156 Pu.
246 2091 330 2155 Satis
348 2089 484 2176 superbe
497 2091 636 2157 inliditis
649 2114 709 2158 me.
737 2092 800 2157 Da.
816 2092 899 2175 Qui?
924 2091 984 2156 Pu.
998 2090 1126 2176 Rogas?
1142 2104 1194 2159 915

248 2184 389 2266 Quiane
406 2185 537 2250 eiteram
554 2185 682 2270 quidem
699 2187 786 2251 fliam
803 2198 913 2272 potero
932 2186 1061 2262 dusera

246 2279 406 2362 Namque
424 2279 533 2343 redibo
551 2301 605 2344 ore
618 2280 660 2344 ad
674 2303 743 2346 earn
758 2302 854 2363 quam
867 2278 1126 2364 contempserim?

124 2394 150 2434 aa
164 2372 224 2438 Cn.
247 2373 344 2437 ‘Tum
363 2385 468 2437 autem
486 2354 704 2458 Antiphonem
722 2375 815 2439 uideo
837 2375 879 2439 ab
897 2396 966 2439 sese
984 2375 1127 2438 amittere

158 2504 160 2509 ,
246 2468 387 2532 Inuitum
400 2466 483 2531 eam'
497 2466 603 2549 inque.
629 2466 692 2532 Da.
701 2467 786 2532 Tum
799 2468 904 2533 adrem
917 2466 1011 2533 uideo
1024 2466 1127 2531 filium

247 2562 387 2644 inuitum
404 2583 479 2624 sane
496 2561 658 2625 mdiierem
676 2561 717 2626 ab
736 2584 770 2626 se
788 2564 940 2627 amittere.
1143 2576 1195 2632 990

248 2654 313 2721 Sed
331 2653 428 2718 transi
445 2654 537 2719 sodes
554 2654 596 2720 ed
613 2655 716 2745 forum
734 2652 829 2741 atque
845 2656 924 2720 illud
941 2655 1018 2719 mihi

248 2750 428 2834 Argentum
445 2771 569 2813 rursum
587 2749 661 2814 idbe
678 2748 818 2829 rescribi,
837 2749 998 2815 Phermio.

124 2864 151 2904 ao
162 2844 222 2909 Pa.
245 2842 381 2922 Quodne
399 2843 459 2927 ego
478 2842 620 2928 discripsi
639 2844 730 2929 perro
748 2844 812 2908 iilis
827 2843 943 2928 quibus
961 2841 1075 2907 debui?

163 2938 226 3002 Da.
249 2936 337 3017 Quid
353 2935 451 3022 igitur
468 2936 539 3000 fiet?
573 2935 632 3001 ΡΗ.
653 2935 689 3001 Si
706 2937 755 3002 uis
772 2937 816 3002 mi
833 2939 964 3002 uxorem
982 2937 1068 3015 dare,

248 3030 354 3110 Quam
373 3030 576 3116 despondisti‚
594 3031 707 3096 ducam
713 3055 722 3109 3
741 3031 791 3096 sin
809 3044 855 3097 est
872 3033 908 3097 rit
924 3032 1003 3096 ueiis
1143 3046 1195 3101 925

228 3159 230 3165 ·
246 3125 379 3190 Manere
396 3124 482 3189 iilam
501 3125 585 3209 apud
603 3136 644 3203 te,
662 3125 718 3191 des
735 3125 787 3192 hio
799 3136 935 3203 maneat,
954 3124 1124 3211 Demipho.

248 3220 331 3284 Nam
348 3220 412 3284 nen
430 3230 475 3283 est
494 3239 628 3302 aequom
646 3220 697 3284 me
714 3231 841 3306 propter
857 3242 915 3284 uos
934 3219 1046 3305 decipi,

126 3332 151 3373 aa
249 3312 356 3394 Quom
375 3335 434 3399 ego
452 3313 548 3377 uestri
565 3312 692 3378 honoris
710 3315 805 3379 carisa
826 3313 993 3400 repudium
1009 3315 1126 3378 alterae

247 3407 444 3484 Remiserim,
462 3427 543 3490 quae
562 3407 640 3471 detis
659 3409 844 3473 tantundem
863 3408 968 3473 dabat.

164 3502 226 3566 Da.
251 3501 297 3565 in’
314 3502 348 3565 in
364 3501 481 3565 malam
498 3523 564 3566 rem
582 3501 655 3567 hinc
672 3523 745 3566 cum
761 3505 840 3568 istac
858 3502 1100 3587 magnificentia,
1142 3518 1194 3573 930

249 3595 417 3682 Fugitine?
440 3595 534 3660 etiam
552 3617 637 3661 nunc
655 3596 755 3661 credis
773 3608 804 3676 ts
822 3596 995 3684 ignorarier

248 3691 317 3754 Aut
334 3691 388 3754 tria
405 3690 489 3753 facta
504 3689 604 3754 adeo?
628 3688 689 3754 Pa.
703 3690 832 3755 Inritori
857 3690 920 3756 Da.
934 3690 1028 3756 Tune
1044 3691 1126 3756 hanc

585 3783 726 3862 diceres,

124 3896 151 3938 ιο
249 3875 285 3943 Si
303 3875 360 3941 tibi
378 3877 522 3941 daretur?
546 3877 607 3942 Pa.
626 3877 694 3942 Fac
710 3878 871 3963 periclum.
896 3878 960 3942 Du.
978 3878 1024 3945 Vt
1041 3879 1125 3944 iilius

156 4004 158 4008 ·
249 3969 333 4037 Cum
350 3971 403 4036 ilia
420 3971 541 4036 habitet
559 3972 645 4056 apud
662 3983 706 4037 te:
727 3973 786 4038 hoc
803 3973 943 4038 uestmm
961 3972 1125 4041 consitium

174 4094 177 4101 ¹
586 4065 657 4133 fuit.
