2618 4462
237 252 282 320 64
479 268 669 328 nuevuott
688 267 969 330 ulmossvmuttos
1182 266 1259 325 Pmt

187 387 222 441 20
281 389 392 456 Habet
409 391 565 457 bonorum
583 394 774 478 exemplum,
793 413 858 476 quo
876 391 1020 476 exempli
1039 389 1099 456 sibi
1223 407 1249 448 2⁰

283 490 398 559 Licere
416 492 450 559 id
467 494 573 560 faeere
590 494 676 578 quid
694 493 739 559 illi
756 493 899 560 fecerint
915 503 1014 579 putat.

283 593 368 661 Tum
386 594 474 680 quid
490 596 659 661 maliuolus
676 598 769 662 uetus
787 600 881 683 polita
898 595 1030 673 dictitat,

282 696 426 783 Repente
445 696 486 763 ad
503 695 643 763 studium
661 694 746 764 hune
763 719 798 763 se
813 696 990 783 idplieasse
1007 696 1173 774 musicum,

279 799 432 864 Amicum
450 799 578 887 ingenio
596 799 724 878 iritum,
741 799 828 869 haud
844 802 958 865 natust
977 822 1049 866 sua:

204 897 220 949 5
280 900 458 969 Arbitrium
475 912 629 981 uestrum,
647 904 755 969 udstre
772 896 973 977 existumitio
1221 915 1250 960 2⁶

280 1003 420 1070 Valebit
456 1024 520 1090 qua
536 1026 571 1072 re
589 1005 692 1071 omnis
709 1024 768 1072 uos
786 1004 891 1071 oratis
909 1004 993 1082 uelo,

279 1105 330 1171 Ne
348 1106 420 1198 plis
437 1105 579 1192 iniquom
595 1105 696 1195 pissit
713 1127 810 1192 quem
828 1127 963 1191 aequom
980 1104 1089 1173 ortuo.

278 1206 388 1272 Facite
406 1207 500 1293 aequi
517 1207 594 1284 sitis,
614 1207 686 1275 dete
704 1207 866 1275 crescendi
884 1207 1019 1295 edpiam,

279 1307 445 1375 Nominum
461 1308 518 1396 qui
535 1309 698 1396 speetindi
715 1309 838 1377 faciunt
854 1310 978 1399 edpism

280 1409 357 1477 Sine
375 1411 469 1476 uitiis.
512 1434 556 1478 ne
570 1411 624 1480 ille
640 1413 698 1501 prd
716 1434 751 1479 se
769 1412 890 1479 dietum
907 1413 1087 1491 existumet,
1220 1427 1248 1469 ω

153 1583 156 1588 ,
279 1511 346 1594 Qui
362 1513 465 1598 nuper
480 1512 556 1580 feeit
573 1515 666 1581 seruo
684 1513 822 1581 currenti
838 1516 872 1580 in
889 1512 944 1581 uis

277 1614 420 1681 Decesse
437 1617 605 1703 populum:
623 1616 704 1699 quir
720 1615 832 1682 insano
850 1615 986 1682 seruiat?

142 1801 144 1804 Ι
279 1717 332 1782 De
349 1716 434 1781 illius
451 1717 590 1803 peccatis
606 1716 698 1804 plina
716 1716 810 1796 dicet,
826 1719 924 1804 qudm
941 1716 1029 1783 dabit

280 1817 371 1882 Aliis
388 1840 499 1896 nouas,
516 1818 578 1884 nisi
595 1818 693 1884 finem
710 1818 885 1885 maledictis
902 1819 987 1885 feeit.

279 1920 402 1985 Adeste
420 1941 523 2005 aequo
540 1919 657 1999 animo,
675 1920 748 1986 dite
765 1922 952 2009 potestatim
969 1920 1046 1986 mihi
1220 1936 1249 1980 u

278 2021 448 2089 Statiriam
470 2044 565 2108 agere
582 2024 618 2087 ut
634 2021 727 2088 liceat
746 2045 803 2108 per
820 2022 990 2100 silentium,
1220 2013 1225 2024 ⁴

279 2125 329 2190 Ne
349 2126 474 2211 semper
490 2146 599 2191 seruos
617 2125 872 2203 adsensimus
889 2148 996 2203 senex,

279 2226 373 2292 Edix
391 2226 558 2313 parasitus,
576 2225 773 2315 sycophanta
790 2239 897 2296 autem
912 2227 1081 2315 inpudens,

280 2331 410 2395 Auitus
428 2330 500 2396 leno
519 2330 650 2396 adsidue
668 2330 783 2418 agendi
800 2333 863 2397 sint
879 2331 958 2396 mihi

283 2431 431 2499 Clamdre
449 2454 584 2510 summo,
603 2433 675 2498 ciun
692 2433 801 2500 labore
817 2435 978 2500 mixumo.
1221 2449 1249 2490 4⁰

278 2535 357 2601 Mea
366 2535 462 2600 emisa
472 2557 600 2601 oausam
609 2535 692 2601 hane
701 2535 816 2602 iistam
826 2559 896 2603 esse
905 2536 1043 2601 animum
1054 2534 1203 2613 indicite,

280 2639 327 2704 Vt
344 2637 452 2724 ilique
468 2659 542 2724 pars
559 2637 676 2704 labdris
694 2638 854 2704 minuatir
870 2639 957 2705 mihi.

278 2739 363 2805 Nam
383 2740 469 2805 nime
486 2762 587 2806 nouas
603 2740 659 2825 qui
677 2740 828 2820 scribunt,
846 2741 890 2807 nil
907 2741 1041 2829 pareiut
1059 2740 1140 2808 seni:

281 2841 318 2908 Si
335 2844 418 2926 quae
435 2840 633 2922 laboridsast,
651 2838 692 2910 ad
709 2865 761 2909 me
779 2843 927 2922 edultum

282 2944 318 3011 Si
334 2944 415 3011 lenis
433 2956 492 3024 est,
509 2945 666 3012 edilium
683 2945 825 3013 defertis
841 2969 982 3034 gregem.
1219 2965 1248 3008 u

279 3048 318 3112 In
338 3047 398 3113 hie
416 3059 464 3114 est
481 3066 562 3135 pure
579 3047 689 3113 oritis.
724 3048 919 3134 experimini,

281 3150 321 3214 In
338 3152 505 3235 utrimque
522 3161 645 3237 partem
663 3149 826 3237 ingdnium
844 3149 922 3235 quid
938 3151 1037 3237 possit
1053 3172 1168 3217 meum

283 3250 320 3317 Si
336 3253 510 3338 nimquam
528 3243 624 3319 auare
642 3250 779 3341 pritium
797 3252 892 3318 statui
910 3255 969 3318 arti
986 3276 1076 3320 meae

279 3352 324 3419 Et
333 3377 407 3420 eum
415 3356 486 3421 esse
496 3354 856 3442 quaestumininimum
864 3354 975 3421 induxi
984 3358 1178 3431 mdxumum,

185 3472 197 3502 f
277 3455 385 3538 Quam
402 3459 551 3525 mtxume
573 3459 692 3523 seruire
709 3457 824 3523 uostris
842 3458 1030 3525 stimmodis:
1222 3475 1250 3519 m

278 3557 470 3644 Exemplum
490 3558 617 3624 statuite
635 3561 668 3622 in
685 3581 748 3637 me,
765 3569 802 3624 ut
819 3559 1048 3625 adulescentuli

280 3661 379 3731 Vobis
398 3660 524 3748 placere
543 3661 690 3727 stideant
707 3661 813 3748 potius
832 3664 928 3747 quim
946 3661 1017 3728 sibi.

617 3892 830 3906 n*-
