2618 4462
114 251 180 325 υ
574 252 724 311 runmr
1082 234 1125 303 47-

128 393 153 434 1⁵
164 376 225 441 Pr.
251 377 295 442 Ni
310 386 450 443 metuam
466 386 601 463 patrem,
619 375 721 442 habeo
738 396 796 461 pro
813 374 867 441 illo
883 397 917 441 re
934 374 1022 439 illum
1040 371 1124 457 quod

587 473 732 537 monedm
771 469 857 534 robe.

166 553 212 621 Sr.
248 554 462 642 sicophanta.
511 553 569 621 Cn
604 556 699 620 Hem.
749 493 809 623 dn.
845 553 914 631 Sio,
945 551 1048 630 Crito,
1079 563 1127 618 est

582 647 649 715 hier
683 650 781 714 mitte
834 646 891 713 Cn
922 646 1038 714 Videat
1072 648 1127 730 qui

585 742 654 809 siet.

249 835 285 903 Si
311 836 387 901 mihi
413 827 524 923 pergei
549 838 632 921 quae
658 836 723 901 uolt
750 834 868 914 dicere,
895 836 934 900 eo
959 855 1040 919 quae
1062 855 1126 898 uon
1143 837 1194 892 920

584 931 651 996 uolt
668 928 784 995 addiet-

248 1007 320 1110 Ego
337 1024 434 1091 istaec
451 1046 565 1091 moneo
582 1036 636 1089 aut
655 1023 749 1090 euro?
765 1044 828 1088 uon
850 1032 886 1088 tu
903 1024 990 1088 tudm
1007 1022 1126 1088 mulum

584 1139 686 1202 aequo
704 1117 810 1183 animo
827 1117 929 1183 feras?

248 1211 332 1277 Nam
349 1214 409 1298 ego
426 1233 508 1296 quoe
527 1211 607 1289 dioo,
627 1213 704 1276 uera
721 1234 761 1275 au
778 1210 859 1276 falsa
880 1209 1042 1287 audierim,
1064 1209 1127 1274 iam

333 1369 335 1373 .
586 1304 658 1370 seiri
675 1316 788 1390 potest.

124 1416 151 1457 2⁰
247 1379 375 1465 Attiou·
405 1398 534 1483 qnidam
567 1398 644 1483 dliru
670 1398 747 1463 naui
781 1397 881 1463 frdoto
910 1396 952 1462 ad
982 1396 1127 1461 Andrum

584 1493 704 1558 eidotus
721 1501 770 1559 est

248 1569 292 1652 Et
308 1586 406 1652 isteeo
424 1608 487 1650 una
504 1589 604 1672 pdrua
622 1585 724 1672 uirgo.
768 1585 834 1649 tdm
857 1583 910 1650 ille
933 1606 1029 1669 egens
1046 1584 1127 1650 forte

584 1680 722 1765 ddplioat

248 1775 391 1839 Primum
414 1774 455 1839 ad
477 1773 644 1861 Chrysidis
666 1785 787 1861 putrem
809 1795 854 1839 se.
899 1771 945 1838 Sr.
971 1772 1127 1837 deulam
1145 1776 1196 1832 925

165 1960 223 2027 Cn.
251 1942 341 2028 itane
355 1984 431 2027 uero
446 1866 838 2047 obtdrbaddoegsshPegld
850 1864 988 2026 {medin
1007 1940 1038 2024 Ῐε
1052 1960 1129 2026 mihi

584 2055 738 2142 cognatus
755 2054 826 2132 fuit,

249 2145 314 2230 Qui
333 2147 404 2213 erim
423 2148 553 2234 recepit„
585 2149 633 2309 igi
651 2171 711 2234 ego
729 2147 837 2214 audiui
854 2171 894 2214 ex
910 2148 964 2212 illo
978 2171 1046 2214 sese
1060 2171 1129 2214 esse

620 2243 740 2309 tticum.

125 2353 151 2394 rr
248 2316 281 2401 is
303 2336 347 2401 ibi
369 2338 531 2402 mortudst.
567 2335 626 2403 Cu.
650 2337 729 2403 Eius
750 2337 885 2403 nomeu?
920 2335 977 2402 On.
1004 2336 1129 2401 Ndmeu

584 2445 648 2496 tam
666 2432 728 2497 cito
746 2431 821 2496 tibi?
863 2432 918 2496 Pr
935 2432 1032 2506 Hem,

249 2524 348 2591 Perii!
386 2523 442 2590 Cn.
462 2526 582 2592 Verum
602 2526 706 2592 herele
724 2527 834 2612 opinor
847 2525 945 2591 fuisse
958 2524 1129 2603 Phduiam3

586 2619 646 2686 hoo
663 2622 749 2686 oertd
767 2619 842 2696 soio,

248 2711 479 2778 Rhamur'rsium
505 2736 540 2779 se
567 2715 670 2779 aiebat
697 2736 776 2779 esse.
822 2711 881 2778 Cn.
914 2711 946 2778 O
973 2713 1198 2799 Iuppiter1930

587 2807 645 2873 Cr..
664 2807 788 2874 Eodem
805 2807 894 2884 hudo,
914 2805 1078 2885 Chremes,

248 2901 346 2967 Multi
362 2902 417 2968 olii
433 2901 467 2967 iu
480 2903 593 2968 Andro
610 2903 770 2967 audiuere.
808 2900 867 2966 Cu.
887 2901 1015 2969 Vtinam
1033 2902 1065 2966 id
1079 2905 1128 2980 sit,

583 2997 669 3080 quod
688 2995 793 3081 spero!
829 2995 900 3072 eho,
918 2995 968 3061 dio
986 2996 1073 3073 mihi,

250 3086 336 3171 Quid
364 3092 433 3155 edru
460 3091 545 3155 tum?
571 3113 702 3156 suamne
724 3113 792 3154 esse
815 3089 918 3154 aibat?
962 3087 1020 3155 Cn.
1046 3090 1128 3155 Non.

586 3182 646 3249 Cn
657 3182 795 3266 Quoiam
804 3183 920 3269 igitur?
937 3181 996 3249 Cn.
1009 3185 1128 3250 Fratris

587 3278 697 3343 iilioru.

126 3392 152 3430 ³⁰
166 3369 225 3437 Cu.
253 3369 349 3437 Certo
366 3382 475 3437 meost.
519 3370 576 3445 Cn.
613 3370 701 3454 Quid
723 3367 788 3437 riis?
831 3370 877 3439 Sr.
908 3371 996 3451 Quid
1012 3385 1046 3437 tu
1064 3375 1129 3437 ais?

586 3466 646 3531 Pi.
672 3447 790 3550 rii-rige
809 3466 903 3542 auris,
920 3465 1102 3552 Pdmphilei

165 3557 211 3624 Si.
248 3557 314 3641 Qui
340 3559 461 3625 eredis?
505 3558 564 3625 Cu.
594 3559 719 3625 Phanio
743 3561 807 3626 illio
829 3561 925 3625 frater
947 3562 1035 3626 meus
1057 3562 1126 3627 fuit.

585 3653 630 3721 Si.
665 3653 785 3718 Noram
803 3655 835 3719 et
851 3653 926 3718 seio.

165 3746 225 3812 Cu
252 3747 285 3811 Is
299 3747 416 3812 bellurn
430 3747 503 3813 hine
516 3747 641 3834 fugiens
650 3750 764 3831 rudque
773 3747 806 3811 in
815 3748 926 3814 Asiam
935 3750 1125 3834 pdrsequens
1143 3764 1195 3820 935

583 3842 802 3927 proficiscitur:

247 3935 332 4001 Tum
349 3936 434 4003 illd-m
450 3937 626 4021 relinquere
644 3936 694 4001 hio
711 3948 759 4002 est
775 3936 903 4001 ueritus.
921 3936 1027 4023 pdstid
1041 3961 1125 4006 nuno

584 4029 720 4116 primum
738 4029 830 4094 addio
