2618 4462
524 909 710 991 AOTVS
732 909 766 991 Ι.

570 1077 717 1143 Divos

585 1192 698 1236 suavos

111 1234 282 1369 aas

198 1358 206 1391 2
247 1308 380 1374 Amicus
397 1326 539 1373 summus
556 1308 695 1382 meuset
712 1284 872 1394 popularis
891 1272 975 1374 Gita
1134 1326 1175 1376 ιι

142 1410 145 1416 ’
246 1402 326 1467 Heri
343 1401 384 1466 ad
401 1424 452 1466 me
469 1398 567 1467 uenit.
602 1401 668 1465 erat
686 1401 715 1466 ei
732 1401 772 1467 de
789 1401 966 1467 ratidneula

246 1496 316 1560 Iam
333 1494 454 1580 pridem
472 1495 558 1580 apud
574 1516 626 1560 me
643 1494 793 1559 relicuom
809 1495 1019 1580 pauxillulum

247 1589 468 1654 Nummdrum:
487 1589 520 1654 id
537 1597 573 1653 ut
589 1588 785 1654 eontinerem.
821 1588 955 1654 confeci:
973 1589 1091 1655 ddiero.

248 1683 331 1748 Nam
348 1682 455 1748 erilem
472 1681 571 1747 filium
589 1681 656 1746 dius
674 1681 800 1748 duxisse
817 1675 911 1747 addin
1150 1701 1165 1744 s

248 1776 402 1841 derem:
420 1776 449 1840 ei
466 1774 560 1841 eredo
577 1776 692 1840 munus
710 1774 770 1841 hoe
787 1775 977 1841 contiditur.

248 1869 354 1950 Quam
372 1868 479 1951 inique
497 1870 751 1955 eompardtumst
769 1868 799 1933 ei
816 1868 871 1952 qui
888 1867 1127 1951 minushabent

246 1965 292 2028 Vt
309 1963 432 2046 semper
449 1960 569 2045 aliquid
585 1960 704 2026 addant
721 1961 898 2027 ditidribusi

250 2055 346 2136 Quod
363 2055 416 2120 ille
433 2054 582 2120 unciatim
599 2056 654 2118 uix
672 2054 711 2119 de
729 2055 877 2121 demensi
894 2076 952 2120 suo

249 2149 349 2215 Sudm
368 2148 539 2214 defrudans
557 2147 686 2234 genium
703 2151 859 2234 nonpersit
876 2149 981 2227 miser,
1138 2142 1166 2213 re

246 2243 286 2307 Id
302 2242 356 2308 illa
372 2241 556 2306 uniuersum
574 2242 717 2328 abripiet,
736 2243 822 2308 haud
838 2244 1031 2309 existumans

247 2336 374 2417 Quanti
390 2334 499 2401 labore
516 2336 653 2421 pdrtum.
688 2357 781 2422 porro
798 2337 904 2401 autam
922 2333 1007 2403 Geta

245 2431 390 2496 Ferietur
407 2427 468 2495 alio
485 2430 625 2505 mdnere,
643 2429 698 2493 ubi
716 2451 769 2495 era
785 2430 955 2516 pepererit3

245 2524 346 2589 Porro
364 2524 469 2588 adtem
486 2523 557 2598 alio,
574 2522 630 2587 ubi
647 2523 706 2588 erit
722 2524 819 2609 pdero
836 2525 948 2590 natalis
966 2525 1033 2591 dies
1038 2549 1048 2604 3

245 2617 311 2683 Vbi
327 2616 504 2681 initiabant.
539 2617 631 2681 dmne
647 2615 707 2682 hoe
724 2628 824 2683 mater
841 2617 976 2682 adferetz
1137 2639 1164 2681 rs

245 2711 333 2778 Puer
350 2711 445 2776 eausa
462 2709 520 2775 erit
537 2709 694 2776 mittundi.
730 2711 786 2776 sed
801 2710 915 2776 uidedn
933 2709 1070 2779 Getam?

484 2895 601 2963 Gnrn
659 2896 805 2963 Divos

504 3004 590 3048 snam
716 3006 737 3046 n

162 3082 223 3150 Gn.
247 3083 284 3149 Si
305 3086 376 3169 quis
397 3107 448 3150 me
470 3095 599 3168 quaeret
621 3084 736 3150 rufus.
757 3133 765 3150 .
787 3083 852 3149 Dr.
870 3084 1042 3165 Praestost‚
1070 3089 1174 3157 de-rs

584 3178 660 3244 sine.
704 3176 767 3244 Gn.
787 3176 852 3256 Oh,

247 3273 293 3336 At
302 3293 362 3357 ego
372 3271 500 3337 dbuiam
509 3272 647 3337 sondbar
655 3271 723 3350 tibi,
732 3272 835 3338 Daue.
844 3273 908 3338 DA.
917 3253 1050 3361 decipe,
1060 3299 1123 3341 em:

245 3366 425 3443 Lectirmst3
443 3365 610 3431 conueniet
628 3366 775 3431 ndmerus
793 3377 947 3450 quantum
964 3367 1068 3434 ddbui.

162 3457 223 3525 Gn.
246 3459 331 3523 Amd
348 3468 389 3536 te,
408 3468 440 3524 et
456 3479 520 3523 non
537 3458 711 3524 neeldxisse
728 3457 830 3524 habeo
848 3460 991 3544 grdtiam.

109 3558 143 3612 55
160 3552 224 3617 Du.
243 3551 434 3617 Praesertim
452 3563 488 3616 ut
504 3573 588 3617 nune
606 3562 679 3617 sunt
696 3553 813 3618 mdres:
832 3553 910 3618 adeo
927 3556 978 3619 rds
996 3555 1090 3621 redit:
1150 3576 1163 3615 s

245 3644 281 3712 Si
299 3646 369 3730 quis
387 3645 463 3730 quid
480 3645 592 3721 reddit,
610 3647 727 3732 migne
743 3645 919 3712 habendast
935 3649 1047 3733 gritia.

245 3739 311 3806 Sed
330 3739 407 3823 quid
428 3750 463 3803 tu
485 3761 519 3805 es
541 3739 656 3897 ιτίῗῐῐιίεἳ
692 3737 754 3806 Gn.
777 3723 908 3826 ilgone?
935 3742 1037 3808 neseis
1059 3764 1122 3826 quo

630 3844 728 3911 metu,

245 3925 373 4015 Quanto
394 3929 428 3996 in
456 3927 573 4018 periclo
602 3926 713 3994 simusl
752 3926 817 3994 Dr.
842 3925 929 4010 Quid
954 3929 1035 3996 istue
1057 3931 1123 3998 est?

582 4018 642 4091 Ga.
661 4020 761 4102 Scies,
